trade_id,symbol,price,quantity,buyer_bot_id,seller_bot_id,source_order_id,order_type,market_regime,mid_price,spread,timestamp
fe6422fb-06d5-4e49-9727-242f45f83046,AAPL,101.23,3.0,momentum-bot,simulated-liquidity-provider,65d4f686-2f7c-4850-adce-84a6e7439616,MARKET,TREND_UP,101.2,0.06,2026-04-30T18:31:21.789655+00:00
26bd2e31-2a4a-45cc-b937-b374e05bd378,AAPL,101.17,3.0,simulated-liquidity-provider,mean-reversion-bot,726ab597-79ac-4503-ae89-ecc22aa8a3c7,MARKET,TREND_UP,101.2,0.06,2026-04-30T18:31:21.790159+00:00
b78ec42f-bd1e-49d2-84a7-f5ea7240fec4,AAPL,100.79,3.0,momentum-bot,simulated-liquidity-provider,ca9ff386-a1d5-40c9-80fe-c01d1a72f92f,MARKET,TREND_DOWN,100.75,0.08,2026-04-30T18:31:22.793360+00:00
b990a6a0-5627-4740-8735-c2b91ea7b4e5,AAPL,100.34,3.0,mean-reversion-bot,simulated-liquidity-provider,53ed0545-9e2a-4336-9ca1-44de9908b4e0,MARKET,TREND_DOWN,100.3,0.08,2026-04-30T18:31:23.797665+00:00
7c9e3479-6e3f-4849-9bd9-960906ddb018,AAPL,100.26,3.0,simulated-liquidity-provider,momentum-bot,077b7f49-83dc-474d-ab7f-b9f76b254072,MARKET,TREND_DOWN,100.3,0.08,2026-04-30T18:31:23.798053+00:00
08f7f898-8009-485b-8f4e-b5132c608eec,AAPL,99.98,3.0,mean-reversion-bot,simulated-liquidity-provider,05eeeb41-13d7-4707-a67d-d7670e98a734,MARKET,TREND_DOWN,99.95,0.06,2026-04-30T18:31:24.803958+00:00
856a408f-b705-4566-8a73-0e0d47f2716e,AAPL,99.92,3.0,simulated-liquidity-provider,momentum-bot,64cfa209-ea39-4739-b897-f423cae0a404,MARKET,TREND_DOWN,99.95,0.06,2026-04-30T18:31:24.804450+00:00
e97535a1-e2ae-4bb5-a52c-33e0d90fca46,AAPL,99.65,3.0,mean-reversion-bot,simulated-liquidity-provider,c4ac2754-2656-4faa-aacc-41eb41326574,MARKET,TREND_DOWN,99.6,0.1,2026-04-30T18:31:25.811154+00:00
4c6e15c7-04fd-44cd-83c0-dff1da90d57f,AAPL,99.55,3.0,simulated-liquidity-provider,momentum-bot,8a190408-94c1-4365-92a1-eb1254b75bb4,MARKET,TREND_DOWN,99.6,0.1,2026-04-30T18:31:25.811575+00:00
fbf125c2-077d-41b3-9163-214e32e009c6,AAPL,99.65,2.0,baseline-bot,simulated-liquidity-provider,0aac29ae-647e-4a70-a36f-88c4f3370d30,MARKET,TREND_DOWN,99.6,0.1,2026-04-30T18:31:25.811815+00:00
5a22df11-c00c-4d48-8339-f861ec9b6bd3,AAPL,100.06,3.0,simulated-liquidity-provider,momentum-bot,80ba211d-2492-416f-be42-750c323134fc,MARKET,TREND_UP,100.1,0.08,2026-04-30T18:31:26.814463+00:00
5356c540-8e91-4444-9784-90f33292f517,AAPL,100.22,3.0,momentum-bot,simulated-liquidity-provider,e0e0b1a2-0585-4061-b3e7-1260ae90633d,MARKET,MEAN_REVERT,100.2,0.04,2026-04-30T18:31:27.820897+00:00
b3f35456-8577-473f-b1cb-1f09fed9cd43,AAPL,100.6,3.0,momentum-bot,simulated-liquidity-provider,283e68f9-afd4-4f10-969c-3fe7d48cf5db,MARKET,TREND_UP,100.55,0.1,2026-04-30T18:31:28.820699+00:00
a257a362-a686-4327-867e-5a81a2ce06f2,AAPL,100.5,3.0,simulated-liquidity-provider,mean-reversion-bot,0fa5c35e-6431-433f-aad3-5ff94ce43149,MARKET,TREND_UP,100.55,0.1,2026-04-30T18:31:28.821080+00:00
885b39ca-d68b-43df-8f0c-ed88126505a4,AAPL,100.43,3.0,momentum-bot,simulated-liquidity-provider,f407b765-efd0-4459-96ea-237d65861e54,MARKET,MEAN_REVERT,100.4,0.06,2026-04-30T18:31:29.823327+00:00
38e3868b-801b-40dd-9f5b-9373d5becfee,AAPL,100.8,3.0,simulated-liquidity-provider,mean-reversion-bot,95b5cb2e-2c06-42ea-84fe-2dda47da7ed2,MARKET,TREND_UP,100.85,0.1,2026-04-30T18:31:30.830849+00:00
6985eebb-ef3e-4b98-bc14-bcd5cb979f2e,AAPL,100.9,3.0,momentum-bot,simulated-liquidity-provider,e1a7879e-7f95-4bd2-b9f3-00219aaf89d1,MARKET,TREND_UP,100.85,0.1,2026-04-30T18:31:30.831278+00:00
6d0ae18e-b46e-4f3f-b284-df05f7122c36,AAPL,100.9,2.0,baseline-bot,simulated-liquidity-provider,79f5a35d-c725-496e-b126-131e124a2ee6,MARKET,TREND_UP,100.85,0.1,2026-04-30T18:31:30.831568+00:00
85e8b02d-a634-449f-ad3f-9ac28f157a50,AAPL,101.24,3.0,momentum-bot,simulated-liquidity-provider,c9f5fbc1-7daa-40c7-9895-424c77c2af3c,MARKET,TREND_UP,101.2,0.08,2026-04-30T18:31:31.832741+00:00
0cdffb5d-e01a-4ac8-8577-91852f751ff9,AAPL,101.16,3.0,simulated-liquidity-provider,mean-reversion-bot,42d90c5a-dd5a-40e3-94f3-1317ec8727b8,MARKET,TREND_UP,101.2,0.08,2026-04-30T18:31:31.833011+00:00
f0fa589f-71df-4e48-856f-2f331bd1f640,AAPL,100.78,3.0,momentum-bot,simulated-liquidity-provider,cee197d3-eecb-4e68-8fb6-b23b4e73970a,MARKET,TREND_DOWN,100.75,0.06,2026-04-30T18:31:32.839150+00:00
738b0c07-4f42-47a7-924f-472ecb353a8f,AAPL,100.78,2.0,baseline-bot,simulated-liquidity-provider,e57edd6d-f863-47b6-89b1-23d7f40451f4,MARKET,TREND_DOWN,100.75,0.06,2026-04-30T18:31:32.839569+00:00
7256aa55-e46a-48c5-bb74-9fd1555cd8c8,AAPL,100.33,3.0,mean-reversion-bot,simulated-liquidity-provider,cd728ec1-f901-4749-a2ef-6c5b81d07edd,MARKET,TREND_DOWN,100.3,0.06,2026-04-30T18:31:33.842539+00:00
fe4dcfaf-53c0-4cbc-9d65-8c02f2b39d00,AAPL,100.27,3.0,simulated-liquidity-provider,momentum-bot,854f0446-4e16-4d56-868f-eb94066c96e6,MARKET,TREND_DOWN,100.3,0.06,2026-04-30T18:31:33.842939+00:00
8430f061-7178-4ac5-bf11-7a7deeacc03b,AAPL,99.91,3.0,simulated-liquidity-provider,momentum-bot,18bfb3f0-25e6-4574-9078-b0793b874452,MARKET,TREND_DOWN,99.95,0.08,2026-04-30T18:31:34.847105+00:00
c3ccd49b-4c47-4a6f-9304-6267a2867924,AAPL,99.99,3.0,mean-reversion-bot,simulated-liquidity-provider,b00f3907-4a28-4b53-9b2e-e002bd22ef39,MARKET,TREND_DOWN,99.95,0.08,2026-04-30T18:31:34.847530+00:00
d16b8486-a881-4ee1-9529-c54ca01f2ca1,AAPL,99.56,3.0,simulated-liquidity-provider,momentum-bot,4dca2cb7-62d4-4a40-8bc5-df1217e0fa98,MARKET,TREND_DOWN,99.6,0.08,2026-04-30T18:31:35.852260+00:00
dd8f1ece-dbd3-4e44-8715-7c8cdf1c5806,AAPL,99.56,5.0,simulated-liquidity-provider,baseline-bot,2d9e1614-dbc9-4fc7-8327-72f9e30a5b44,MARKET,TREND_DOWN,99.6,0.08,2026-04-30T18:31:35.852753+00:00
86bdb6c1-47bf-4f29-91c2-fcdcc72d0fb7,AAPL,99.64,3.0,mean-reversion-bot,simulated-liquidity-provider,493e9ea7-e156-471d-bfb3-a4d838085522,MARKET,TREND_DOWN,99.6,0.08,2026-04-30T18:31:35.853074+00:00
ee35758e-b696-4de4-8277-c52b23a01d5e,AAPL,100.06,3.0,simulated-liquidity-provider,momentum-bot,f1d58ed3-edd8-4055-a1ed-5eacc06f2b02,MARKET,TREND_UP,100.1,0.08,2026-04-30T18:31:36.855081+00:00
f55c5bd8-67ce-4afb-a731-d254cdcbe41a,AAPL,100.06,1.0,simulated-liquidity-provider,baseline-bot,38c20590-f3e2-4c25-a212-03fd25938834,MARKET,TREND_UP,100.1,0.08,2026-04-30T18:31:36.855506+00:00
da4a4557-d520-414b-8f21-e0a0e76d728c,AAPL,100.18,2.0,simulated-liquidity-provider,baseline-bot,c3d8d26e-0390-4609-a75a-c7d6b1008241,MARKET,MEAN_REVERT,100.2,0.04,2026-04-30T18:31:37.859418+00:00
ece2e0d1-b60a-4707-96f6-36e5b652c0c8,AAPL,100.22,3.0,momentum-bot,simulated-liquidity-provider,851dad02-3415-4718-a391-5900908fabd8,MARKET,MEAN_REVERT,100.2,0.04,2026-04-30T18:31:37.859865+00:00
faed25fa-5428-4052-8187-d9194bd4177b,AAPL,100.59,3.0,momentum-bot,simulated-liquidity-provider,55456ec6-86c4-46bc-98fb-556bf4f85174,MARKET,TREND_UP,100.55,0.08,2026-04-30T18:31:38.865687+00:00
c3d06fbb-73d0-41d0-882a-d328a8701969,AAPL,100.51,3.0,simulated-liquidity-provider,mean-reversion-bot,03ee284c-c078-4066-b928-563d334659bb,MARKET,TREND_UP,100.55,0.08,2026-04-30T18:31:38.866095+00:00
466c51b8-0b5a-4b6e-85fc-a297cfbf2e55,AAPL,100.42,3.0,momentum-bot,simulated-liquidity-provider,df54f1fd-64a7-428e-8f3e-075310773efb,MARKET,MEAN_REVERT,100.4,0.04,2026-04-30T18:31:39.871466+00:00
59cf314b-d92b-4626-a944-b510c27d1174,AAPL,100.88,3.0,momentum-bot,simulated-liquidity-provider,d0aa4bb1-63ff-4850-a019-7330033e2711,MARKET,TREND_UP,100.85,0.06,2026-04-30T18:31:40.881922+00:00
2a8535d6-57b0-4aaf-b234-0fddc57a565c,AAPL,100.88,2.0,baseline-bot,simulated-liquidity-provider,2a172d99-faec-48b1-af76-3d271bc8722a,MARKET,TREND_UP,100.85,0.06,2026-04-30T18:31:40.882301+00:00
118a897c-1be4-4b15-9451-a4a5735782b9,AAPL,100.82,3.0,simulated-liquidity-provider,mean-reversion-bot,2e22db30-ba0c-47e8-a808-dabe38defd91,MARKET,TREND_UP,100.85,0.06,2026-04-30T18:31:40.882666+00:00
d41244d9-7891-456a-a1b0-bc3ab0423654,AAPL,101.23,5.0,baseline-bot,simulated-liquidity-provider,5de701e8-aa3d-4617-bb83-892533987a30,MARKET,TREND_UP,101.2,0.06,2026-04-30T18:31:41.882506+00:00
87914af5-a20d-4745-9530-f3b09b51dfa1,AAPL,101.23,3.0,momentum-bot,simulated-liquidity-provider,b6774e53-85fb-4a21-a185-da6a6a462e0d,MARKET,TREND_UP,101.2,0.06,2026-04-30T18:31:41.882829+00:00
84ce11b4-0538-4ebe-84a1-4a6a6b8d2ab2,AAPL,101.17,3.0,simulated-liquidity-provider,mean-reversion-bot,703ae219-7ef5-4d78-9c9e-b0ba6057636c,MARKET,TREND_UP,101.2,0.06,2026-04-30T18:31:41.883152+00:00
46bd13aa-f92a-443e-aba7-f29a3c7d804d,AAPL,100.8,3.0,momentum-bot,simulated-liquidity-provider,65631868-a16e-45de-9981-11890805ebf1,MARKET,TREND_DOWN,100.75,0.1,2026-04-30T18:31:42.890612+00:00
ea22f732-575c-45c0-8742-8e46b6cfc958,AAPL,100.8,5.0,baseline-bot,simulated-liquidity-provider,367c4c78-91a7-438d-8ce0-a074567f5803,MARKET,TREND_DOWN,100.75,0.1,2026-04-30T18:31:42.891082+00:00
48f6dd49-8050-4e19-a390-7ada8a629e9b,AAPL,100.33,3.0,mean-reversion-bot,simulated-liquidity-provider,9c20d598-6766-44a0-b763-a16630536165,MARKET,TREND_DOWN,100.3,0.06,2026-04-30T18:31:43.896667+00:00
5a54d714-72f0-4ccc-9aab-9d0471f0ea3a,AAPL,100.27,3.0,simulated-liquidity-provider,momentum-bot,6bc6dcad-190e-42f6-b798-a12256b248fe,MARKET,TREND_DOWN,100.3,0.06,2026-04-30T18:31:43.897295+00:00
42cf3e20-b17d-477e-9632-37d939f05bec,AAPL,99.92,2.0,simulated-liquidity-provider,baseline-bot,4d3c26b9-7faf-40eb-ab0e-d364a50b990d,MARKET,TREND_DOWN,99.95,0.06,2026-04-30T18:31:44.899256+00:00
a6a25604-efd5-4900-9876-393b3e53bfa4,AAPL,99.92,3.0,simulated-liquidity-provider,momentum-bot,0e8b1fcf-2fe6-4825-8913-6f7b020ae5cd,MARKET,TREND_DOWN,99.95,0.06,2026-04-30T18:31:44.899965+00:00
0ceddbe1-479f-467b-801a-689f9d164d74,AAPL,99.98,3.0,mean-reversion-bot,simulated-liquidity-provider,6d888408-9d31-4de0-be05-ca72204101a4,MARKET,TREND_DOWN,99.95,0.06,2026-04-30T18:31:44.900631+00:00
4da7306d-59c9-4b16-bcca-380ea5ae9062,AAPL,99.63,3.0,mean-reversion-bot,simulated-liquidity-provider,25f353a6-0c6f-406f-87f9-5161f73baabd,MARKET,TREND_DOWN,99.6,0.06,2026-04-30T18:31:45.904545+00:00
ccab7268-03e7-4d48-874b-b2dcc639ea15,AAPL,99.57,3.0,simulated-liquidity-provider,momentum-bot,21010e1c-36a1-482b-8266-8851a5a7efde,MARKET,TREND_DOWN,99.6,0.06,2026-04-30T18:31:45.905129+00:00
60680798-f5da-4918-8623-56c97a126e9e,AAPL,100.14,1.0,baseline-bot,simulated-liquidity-provider,00bf6ecc-4b61-4a8c-923a-8ae91a536e0a,MARKET,TREND_UP,100.1,0.08,2026-04-30T18:31:46.906479+00:00
52c77994-ab81-4dc8-91b2-ac3ca8077c26,AAPL,100.06,3.0,simulated-liquidity-provider,momentum-bot,17f69ef0-5758-400d-a326-affcbd84e3e8,MARKET,TREND_UP,100.1,0.08,2026-04-30T18:31:46.906915+00:00
2fd5766f-8c59-4da8-8b21-e998aa4c9284,AAPL,100.22,3.0,momentum-bot,simulated-liquidity-provider,b3438cae-3101-4c59-bd61-64737e9f666e,MARKET,MEAN_REVERT,100.2,0.04,2026-04-30T18:31:47.913486+00:00
66c6af65-44f0-43c8-93d5-de67f9cfac27,AAPL,100.5,3.0,simulated-liquidity-provider,mean-reversion-bot,90cb0a53-d1ed-4edb-a5b5-201aae139cb8,MARKET,TREND_UP,100.55,0.1,2026-04-30T18:31:48.918725+00:00
76376a19-0bea-4e83-9f59-f7698609a851,AAPL,100.6,3.0,momentum-bot,simulated-liquidity-provider,1d9694f4-23db-49aa-ba7c-9d444fabafba,MARKET,TREND_UP,100.55,0.1,2026-04-30T18:31:48.919221+00:00
56df4b8d-4311-4a8c-bd31-7e5bcd6b0bab,AAPL,100.43,5.0,baseline-bot,simulated-liquidity-provider,bf46be8f-9f22-445a-83f8-bb75c638e2c9,MARKET,MEAN_REVERT,100.4,0.06,2026-04-30T18:31:49.924488+00:00
3b3cacd9-9533-4d37-aa43-7dd48900f0fc,AAPL,100.43,3.0,momentum-bot,simulated-liquidity-provider,3830d4b7-bd4c-4fb0-8db8-488778cff2f7,MARKET,MEAN_REVERT,100.4,0.06,2026-04-30T18:31:49.924915+00:00
5f1c37c4-57fa-4695-b451-f3ec0b620304,AAPL,100.89,3.0,momentum-bot,simulated-liquidity-provider,99e27812-8bfc-448a-a678-bdcbfc891543,MARKET,TREND_UP,100.85,0.08,2026-04-30T18:31:50.930654+00:00
32f43758-be29-4d34-9037-cccd2ee00682,AAPL,100.81,3.0,simulated-liquidity-provider,mean-reversion-bot,41f3a224-6368-4377-8d5c-a8d41910d7d5,MARKET,TREND_UP,100.85,0.08,2026-04-30T18:31:50.931070+00:00
33afc4ee-eb6a-4427-b9ff-5a217c95510e,AAPL,101.15,3.0,simulated-liquidity-provider,mean-reversion-bot,f5cade2b-153d-4b2a-b7b0-3d9e78cbdac7,MARKET,TREND_UP,101.2,0.1,2026-04-30T18:31:51.937081+00:00
53ec7b9f-9a91-4a05-aa05-2195cb1fe9d2,AAPL,101.25,3.0,momentum-bot,simulated-liquidity-provider,5d92547e-27ce-4aa7-8c82-995c93a85193,MARKET,TREND_UP,101.2,0.1,2026-04-30T18:31:51.937496+00:00
51adc275-fc53-4b49-acf0-3356bfc952e1,AAPL,100.78,3.0,momentum-bot,simulated-liquidity-provider,7eec288a-f99a-4279-aa12-9974f3c72757,MARKET,TREND_DOWN,100.75,0.06,2026-04-30T18:31:52.939105+00:00
e7f22974-8338-4d94-8165-0a3a640fda8d,AAPL,100.78,5.0,baseline-bot,simulated-liquidity-provider,323dc2e5-27ea-4969-bf03-f2654f2b0d26,MARKET,TREND_DOWN,100.75,0.06,2026-04-30T18:31:52.939593+00:00
cf801e36-0035-4342-8928-8f335a6e4fce,AAPL,100.26,3.0,simulated-liquidity-provider,momentum-bot,d3df8900-59b2-41aa-a10c-a56ab3bd1487,MARKET,TREND_DOWN,100.3,0.08,2026-04-30T18:31:53.941048+00:00
1b104145-02fd-43b1-a4c2-e1f84256b8de,AAPL,100.26,2.0,simulated-liquidity-provider,baseline-bot,18843557-c259-4cf0-a7d9-fe68a4fa9380,MARKET,TREND_DOWN,100.3,0.08,2026-04-30T18:31:53.941491+00:00
2dc3f54c-7502-47a2-81e3-7888cd60be05,AAPL,100.34,3.0,mean-reversion-bot,simulated-liquidity-provider,95274f48-86af-42d4-a200-fc61f0770e4e,MARKET,TREND_DOWN,100.3,0.08,2026-04-30T18:31:53.944165+00:00
79c8a200-22c7-4fcc-977e-d7d227aaa77c,AAPL,99.9,1.0,simulated-liquidity-provider,baseline-bot,cc80c02d-d2e4-467a-8768-38e44d58e6e5,MARKET,TREND_DOWN,99.95,0.1,2026-04-30T18:31:54.946634+00:00
0275586d-c807-4ad5-8860-46eaba967045,AAPL,99.9,3.0,simulated-liquidity-provider,momentum-bot,d4fb5398-be1f-4ab2-85f2-6437be99a028,MARKET,TREND_DOWN,99.95,0.1,2026-04-30T18:31:54.947118+00:00
e8718425-a4a4-4703-96ff-dc10fe58a7b9,AAPL,100.0,3.0,mean-reversion-bot,simulated-liquidity-provider,eb1ce8d2-d406-43a6-8181-d406ff0c83a7,MARKET,TREND_DOWN,99.95,0.1,2026-04-30T18:31:54.948500+00:00
d3df5a02-4f68-4118-b381-f2c41e8bdc1a,AAPL,99.64,3.0,mean-reversion-bot,simulated-liquidity-provider,57beed2f-970b-4761-a732-8c3f0bbdeb04,MARKET,TREND_DOWN,99.6,0.08,2026-04-30T18:31:55.953384+00:00
3340e701-db68-4341-92cd-e2771d5f96d0,AAPL,99.56,3.0,simulated-liquidity-provider,momentum-bot,5a232137-f2b4-49e8-a23c-24ebfa2ca467,MARKET,TREND_DOWN,99.6,0.08,2026-04-30T18:31:55.953812+00:00
34e643a1-4eb7-460a-b927-11b649c27af1,AAPL,100.07,5.0,simulated-liquidity-provider,baseline-bot,e8a80174-e20b-4f87-a9d1-319073f9205b,MARKET,TREND_UP,100.1,0.06,2026-04-30T18:31:56.960124+00:00
c3ff0d43-6c10-4f3b-aafb-8bad0b6d6141,AAPL,100.07,3.0,simulated-liquidity-provider,momentum-bot,0f1b8855-269e-4513-b095-0416dd9861f8,MARKET,TREND_UP,100.1,0.06,2026-04-30T18:31:56.961475+00:00
e38ea94b-40e3-4935-84b1-abff8ff462c1,AAPL,100.18,5.0,simulated-liquidity-provider,baseline-bot,dcd3b674-17c7-4079-9e1c-f8b30f740483,MARKET,MEAN_REVERT,100.2,0.04,2026-04-30T18:31:57.964943+00:00
88363ba8-6c53-4655-9b34-a19a972cf9b7,AAPL,100.22,3.0,momentum-bot,simulated-liquidity-provider,03a68f49-c898-4d5b-8b73-ee887691dd25,MARKET,MEAN_REVERT,100.2,0.04,2026-04-30T18:31:57.965358+00:00
f5934a41-dccf-4939-9fb2-48404c36638a,AAPL,100.58,3.0,momentum-bot,simulated-liquidity-provider,b20c6bf7-6625-4545-b100-6c4fedc1c587,MARKET,TREND_UP,100.55,0.06,2026-04-30T18:31:58.970887+00:00
30f09836-9d77-4b3c-9283-8c729d474cec,AAPL,100.52,3.0,simulated-liquidity-provider,mean-reversion-bot,881df659-38ee-4880-a84b-021ad35680b6,MARKET,TREND_UP,100.55,0.06,2026-04-30T18:31:58.971374+00:00
9ea39b4f-75ad-4e91-855e-07333b53372b,AAPL,100.43,3.0,momentum-bot,simulated-liquidity-provider,12da3d7c-e16e-4ada-8510-83c595b37a62,MARKET,MEAN_REVERT,100.4,0.06,2026-04-30T18:31:59.972452+00:00
65dbe46a-ccf4-4df6-a3d0-7c93e2c90f2f,AAPL,100.89,3.0,momentum-bot,simulated-liquidity-provider,0cdfdb7e-0c0b-4829-8d8c-f65dc9fd8c1d,MARKET,TREND_UP,100.85,0.08,2026-04-30T18:32:00.977415+00:00
007895bf-1e84-4ac5-97b0-b3c57971b6d1,AAPL,100.89,5.0,baseline-bot,simulated-liquidity-provider,0f2f49cb-6406-4840-bcf9-121146357fe6,MARKET,TREND_UP,100.85,0.08,2026-04-30T18:32:00.977826+00:00
c3698ad1-42af-4905-bfba-93f10aaeb54e,AAPL,100.81,3.0,simulated-liquidity-provider,mean-reversion-bot,3a9416ab-60b6-429b-980c-a290e95547f4,MARKET,TREND_UP,100.85,0.08,2026-04-30T18:32:00.978181+00:00
d18a971c-8570-4af7-a3ae-a62a88fdd4c9,AAPL,101.24,1.0,baseline-bot,simulated-liquidity-provider,75d15589-e25c-413a-9c6e-5ad0963bdea9,MARKET,TREND_UP,101.2,0.08,2026-04-30T18:32:01.979738+00:00
0acb112f-f431-4a55-a0e5-7e374009f752,AAPL,101.16,3.0,simulated-liquidity-provider,mean-reversion-bot,8744b303-6738-4646-989d-c5fb3208078a,MARKET,TREND_UP,101.2,0.08,2026-04-30T18:32:01.980701+00:00
46b51d1d-3efd-4626-bc47-6a54b2f1af87,AAPL,101.24,3.0,momentum-bot,simulated-liquidity-provider,a47b91a0-f5f5-42d4-9654-49cbef6aa713,MARKET,TREND_UP,101.2,0.08,2026-04-30T18:32:01.985208+00:00
edbcca5c-1c3e-4228-8fce-270519ce0897,AAPL,100.8,3.0,momentum-bot,simulated-liquidity-provider,39379b6a-9410-44a2-96e5-f6cd051cf800,MARKET,TREND_DOWN,100.75,0.1,2026-04-30T18:32:02.981189+00:00
7b320b27-8a23-443e-84d9-001b30f7f57d,AAPL,100.27,3.0,simulated-liquidity-provider,momentum-bot,9c0552a5-18d4-4dad-ad02-2282763705f6,MARKET,TREND_DOWN,100.3,0.06,2026-04-30T18:32:03.985422+00:00
b46a6534-9993-49fc-ba22-210f4ccd7805,AAPL,100.33,3.0,mean-reversion-bot,simulated-liquidity-provider,76c30c6a-a4cc-4b51-9afb-97b7628ac60b,MARKET,TREND_DOWN,100.3,0.06,2026-04-30T18:32:03.986055+00:00
f5788127-6cb1-46a6-8d29-2f3bcb900468,AAPL,99.92,3.0,simulated-liquidity-provider,momentum-bot,26192c25-d544-412f-bf46-e81c00523cf5,MARKET,TREND_DOWN,99.95,0.06,2026-04-30T18:32:04.988173+00:00
05e286af-617c-4cb0-b547-eed02bd9c39d,AAPL,99.98,3.0,mean-reversion-bot,simulated-liquidity-provider,2b1e438e-8b01-460b-b322-b4553fbd9265,MARKET,TREND_DOWN,99.95,0.06,2026-04-30T18:32:04.988597+00:00
2fbd674f-cef1-47c3-a660-f9af8fc6a128,AAPL,99.55,3.0,simulated-liquidity-provider,momentum-bot,3b7f470d-9b43-425d-bd2d-ab3f73a4cff1,MARKET,TREND_DOWN,99.6,0.1,2026-04-30T18:32:05.990188+00:00
6bbf7c12-4583-44aa-8171-953d59bbef2f,AAPL,99.65,3.0,mean-reversion-bot,simulated-liquidity-provider,fd0b39b0-49a8-474b-b4f8-543bc8f3a9cc,MARKET,TREND_DOWN,99.6,0.1,2026-04-30T18:32:05.990730+00:00
749f9b10-48a4-46e8-8d05-af24d89f39eb,AAPL,100.06,3.0,simulated-liquidity-provider,momentum-bot,a96ae5c7-b9c3-4ffb-aa5b-f6f5f521d9ef,MARKET,TREND_UP,100.1,0.08,2026-04-30T18:32:06.995644+00:00
1e23679d-840b-41e1-acc6-bd15c720f8cc,AAPL,100.22,3.0,momentum-bot,simulated-liquidity-provider,4700f427-1789-41ad-a357-168f6168642f,MARKET,MEAN_REVERT,100.2,0.04,2026-04-30T18:32:07.997323+00:00
457457f3-9b8a-4d95-b936-8875add16587,AAPL,100.52,3.0,simulated-liquidity-provider,mean-reversion-bot,833d5fcb-8a89-4e65-9121-395b62dcf258,MARKET,TREND_UP,100.55,0.06,2026-04-30T18:32:09.004387+00:00
73ef2b9b-bcc3-44d1-ad32-acb03e3c2f3f,AAPL,100.58,3.0,momentum-bot,simulated-liquidity-provider,e0d39cce-3eb3-4561-bb96-477fa6343291,MARKET,TREND_UP,100.55,0.06,2026-04-30T18:32:09.004836+00:00
6639abb5-f463-4a7f-96b3-f7bc5e32892e,AAPL,100.58,1.0,baseline-bot,simulated-liquidity-provider,6f3600f4-9f00-4fb6-a8d9-e7f16a889829,MARKET,TREND_UP,100.55,0.06,2026-04-30T18:32:09.005153+00:00
3dfee9ac-f030-45ab-ba6f-bccd977e96c8,AAPL,100.42,3.0,momentum-bot,simulated-liquidity-provider,c3f14546-6a8e-481d-9f49-6e6b49f945c3,MARKET,MEAN_REVERT,100.4,0.04,2026-04-30T18:32:10.007312+00:00
1361a62b-b2f4-4162-8060-6bf6a5574abb,AAPL,100.82,3.0,simulated-liquidity-provider,mean-reversion-bot,407a4bdc-acbc-4fa5-9965-d9ebdf970264,MARKET,TREND_UP,100.85,0.06,2026-04-30T18:32:11.016165+00:00
60cf8b0b-950b-422a-999f-69315ed3ca4c,AAPL,100.88,3.0,momentum-bot,simulated-liquidity-provider,c2c27349-79e5-4be9-8ed2-38ade70802a1,MARKET,TREND_UP,100.85,0.06,2026-04-30T18:32:11.016604+00:00
c54083d7-ee0d-405a-bb13-0dfb5d4d5335,AAPL,101.24,3.0,momentum-bot,simulated-liquidity-provider,e1cc6128-ebc1-450e-b3df-50ed642261d9,MARKET,TREND_UP,101.2,0.08,2026-04-30T18:32:12.022384+00:00
0b8115e0-4671-4494-b63c-ab05aa6c0215,AAPL,101.16,3.0,simulated-liquidity-provider,mean-reversion-bot,af7e3ad7-3bfd-4c30-a9ce-2bc90bde5240,MARKET,TREND_UP,101.2,0.08,2026-04-30T18:32:12.022948+00:00
263c7f46-1e00-441d-a2da-1449715931e1,AAPL,100.78,1.0,baseline-bot,simulated-liquidity-provider,b866cd2f-ff90-42f3-b11a-df1a99730dc7,MARKET,TREND_DOWN,100.75,0.06,2026-04-30T18:32:13.023663+00:00
e2da8248-6b0d-4685-814b-5aa4b50348d0,AAPL,100.78,3.0,momentum-bot,simulated-liquidity-provider,62dbe59b-91ef-4760-990f-59f762a762c2,MARKET,TREND_DOWN,100.75,0.06,2026-04-30T18:32:13.023957+00:00
44384b88-d7a7-4362-95b7-ab3743380e90,AAPL,100.25,3.0,simulated-liquidity-provider,momentum-bot,705d0b58-36b4-40e1-bec2-6da34d0b1c71,MARKET,TREND_DOWN,100.3,0.1,2026-04-30T18:32:14.029962+00:00
32e7a0d7-e0fa-431d-9950-b54a2cda85e2,AAPL,100.35,3.0,mean-reversion-bot,simulated-liquidity-provider,365bcb45-3c71-4838-8252-40baf8836030,MARKET,TREND_DOWN,100.3,0.1,2026-04-30T18:32:14.030387+00:00
7b5c181b-35ac-4940-b17c-759e92f1dc52,AAPL,99.98,3.0,mean-reversion-bot,simulated-liquidity-provider,bf40a1bc-9a9c-43d7-9278-4f5ae9b17ebc,MARKET,TREND_DOWN,99.95,0.06,2026-04-30T18:32:15.036387+00:00
ea3c77cd-85e9-4349-b6f3-23b186cc363d,AAPL,99.92,3.0,simulated-liquidity-provider,momentum-bot,714397a3-97a7-413e-bb05-9d48cdec18f2,MARKET,TREND_DOWN,99.95,0.06,2026-04-30T18:32:15.036780+00:00
34129aeb-4620-47fa-94aa-aa6dd4af986f,AAPL,99.57,3.0,simulated-liquidity-provider,momentum-bot,fa7da6ea-824f-48f5-8078-d28674dbc7ab,MARKET,TREND_DOWN,99.6,0.06,2026-04-30T18:32:16.038589+00:00
51f4ee73-63f4-4023-84f9-bcd2a2504131,AAPL,99.57,1.0,simulated-liquidity-provider,baseline-bot,c1262379-ab28-4dbf-b5b8-8f48c32be178,MARKET,TREND_DOWN,99.6,0.06,2026-04-30T18:32:16.038998+00:00
a8d46b20-989b-4b58-a5ae-0bcf1506441f,AAPL,99.63,3.0,mean-reversion-bot,simulated-liquidity-provider,24b7fc75-e2cd-487d-b11f-a82a7efc96cc,MARKET,TREND_DOWN,99.6,0.06,2026-04-30T18:32:16.039357+00:00
a30690df-1347-4c92-8dff-ed07712c7406,AAPL,100.13,5.0,baseline-bot,simulated-liquidity-provider,6f016d81-b75d-4f15-ba00-98bf3c1e45b9,MARKET,TREND_UP,100.1,0.06,2026-04-30T18:32:17.045002+00:00
4b614904-6033-4a19-a060-5f963050fb3b,AAPL,100.07,3.0,simulated-liquidity-provider,momentum-bot,6f7840ad-9c65-4d43-8df8-4c0632ab7420,MARKET,TREND_UP,100.1,0.06,2026-04-30T18:32:17.046752+00:00
e91f2f5c-30af-436b-93c7-520bc7414305,AAPL,100.23,3.0,momentum-bot,simulated-liquidity-provider,0b4a897c-9480-4dd9-af5e-3e15d7398271,MARKET,MEAN_REVERT,100.2,0.06,2026-04-30T18:32:18.052791+00:00
b1aebfeb-1b3e-48d6-b489-9cf0cce114bf,AAPL,100.51,3.0,simulated-liquidity-provider,mean-reversion-bot,eb11b184-dc10-46cf-bf84-0a872afbeef9,MARKET,TREND_UP,100.55,0.08,2026-04-30T18:32:19.057121+00:00
53cbf812-835a-40eb-a4b2-7b3842a080e9,AAPL,100.59,2.0,baseline-bot,simulated-liquidity-provider,410ffa1c-ae92-4df9-9046-0016c9a91cc1,MARKET,TREND_UP,100.55,0.08,2026-04-30T18:32:19.057702+00:00
225b4338-4703-4323-bacf-90d5fbd48e45,AAPL,100.59,3.0,momentum-bot,simulated-liquidity-provider,008e3a92-3c3c-4ac9-b688-897b9dd7153b,MARKET,TREND_UP,100.55,0.08,2026-04-30T18:32:19.059010+00:00
20a6bd46-24fc-4a3b-968a-3cd758df0750,AAPL,100.38,1.0,simulated-liquidity-provider,baseline-bot,b3bb82a7-5647-4e4f-9f54-9a0f8302de98,MARKET,MEAN_REVERT,100.4,0.04,2026-04-30T18:32:20.062994+00:00
5e506ebd-eca0-41a1-985d-a5257ee09d63,AAPL,100.42,3.0,momentum-bot,simulated-liquidity-provider,22e94448-5fb5-45a4-bfa4-4663343e86c9,MARKET,MEAN_REVERT,100.4,0.04,2026-04-30T18:32:20.063768+00:00
e4c8b7fd-f866-476c-afeb-d2dfa6fb7010,AAPL,100.89,3.0,momentum-bot,simulated-liquidity-provider,650cba52-96c6-4e51-bf29-d168d1b87376,MARKET,TREND_UP,100.85,0.08,2026-04-30T18:32:21.070592+00:00
5864ff11-5c2e-410e-9642-60daab9c81a3,AAPL,100.81,3.0,simulated-liquidity-provider,mean-reversion-bot,0ed5144f-4de0-4a05-b898-52568085e847,MARKET,TREND_UP,100.85,0.08,2026-04-30T18:32:21.071295+00:00
8deddabe-bc3e-4a2b-941c-eb009024f978,AAPL,101.17,3.0,simulated-liquidity-provider,mean-reversion-bot,0691ed27-fbb4-4ef4-a698-99ca2df49744,MARKET,TREND_UP,101.2,0.06,2026-04-30T18:32:22.071470+00:00
b17495c1-1a61-430b-8efb-f168edd84183,AAPL,101.23,3.0,momentum-bot,simulated-liquidity-provider,bc235a85-d0f5-4457-be89-7e457ea4a3ce,MARKET,TREND_UP,101.2,0.06,2026-04-30T18:32:22.071897+00:00
55923fe7-61ed-44d6-976f-a8ca42ba1aba,AAPL,100.79,3.0,momentum-bot,simulated-liquidity-provider,d63c98a5-9499-4106-9441-fac7411f47c9,MARKET,TREND_DOWN,100.75,0.08,2026-04-30T18:32:23.075722+00:00
2c8415b2-552d-4c0a-871b-31e72095982b,AAPL,100.27,3.0,simulated-liquidity-provider,momentum-bot,671028a4-83b7-455f-8d4d-cffec0295ae1,MARKET,TREND_DOWN,100.3,0.06,2026-04-30T18:32:24.086763+00:00
3d36c48e-8c92-4a60-8a9d-d1c1259b512d,AAPL,100.33,3.0,mean-reversion-bot,simulated-liquidity-provider,ebbf6962-fd81-40a6-af42-2d249eead767,MARKET,TREND_DOWN,100.3,0.06,2026-04-30T18:32:24.087173+00:00
229f003d-6b85-480b-915d-86b96d130bfe,AAPL,99.91,3.0,simulated-liquidity-provider,momentum-bot,d010d894-9e80-4f85-9d58-f4146dc8eac1,MARKET,TREND_DOWN,99.95,0.08,2026-04-30T18:32:25.088036+00:00
52895601-db72-40dc-bf93-c5f09ad04e25,AAPL,99.99,3.0,mean-reversion-bot,simulated-liquidity-provider,daf9ce45-b9cf-4ff2-a823-30e37751e337,MARKET,TREND_DOWN,99.95,0.08,2026-04-30T18:32:25.088451+00:00
68975792-7948-4b62-8f5c-320695baa016,AAPL,99.57,3.0,simulated-liquidity-provider,momentum-bot,495a0752-116c-44ee-a286-61f6813992ec,MARKET,TREND_DOWN,99.6,0.06,2026-04-30T18:32:26.092787+00:00
b6471719-d2fc-43c4-ac71-1d63f74ba13e,AAPL,99.63,3.0,mean-reversion-bot,simulated-liquidity-provider,fa64a53a-8f3a-42fd-b719-7c80060a015c,MARKET,TREND_DOWN,99.6,0.06,2026-04-30T18:32:26.093187+00:00
8c63afef-8b43-4e7a-82e6-a94a7262a6ee,AAPL,100.07,3.0,simulated-liquidity-provider,momentum-bot,52419808-e87f-46cc-ad1d-c3ced7678559,MARKET,TREND_UP,100.1,0.06,2026-04-30T18:32:27.099441+00:00
b545a305-a820-415b-902e-3b22e4b5a774,AAPL,100.23,3.0,momentum-bot,simulated-liquidity-provider,8dc440e1-9558-41e4-9a86-c332528208b2,MARKET,MEAN_REVERT,100.2,0.06,2026-04-30T18:32:28.105652+00:00
1f5be021-427a-43d6-b980-6ad486ca4854,AAPL,100.23,5.0,baseline-bot,simulated-liquidity-provider,6350840b-897a-4055-b8f5-5274705071e0,MARKET,MEAN_REVERT,100.2,0.06,2026-04-30T18:32:28.106053+00:00
d473cbef-c855-4590-abb2-c7502ddebceb,AAPL,100.59,3.0,momentum-bot,simulated-liquidity-provider,61373a4a-9e44-4f2a-bd9e-8b49e5b38152,MARKET,TREND_UP,100.55,0.08,2026-04-30T18:32:29.109048+00:00
42ba6eef-46f1-4712-8925-24b68b6196a4,AAPL,100.51,3.0,simulated-liquidity-provider,mean-reversion-bot,e6b5eadf-df0c-46f4-bc0d-1fcf7d389d73,MARKET,TREND_UP,100.55,0.08,2026-04-30T18:32:29.109547+00:00
fba63578-bebc-4eb4-8d7a-8a3e087fcd93,AAPL,100.43,3.0,momentum-bot,simulated-liquidity-provider,0fbc4b8a-8b14-4ecd-873c-21c488bfe7dc,MARKET,MEAN_REVERT,100.4,0.06,2026-04-30T18:32:30.115610+00:00
8fccd4bb-662b-425b-8900-329b95eb5ac8,AAPL,100.37,1.0,simulated-liquidity-provider,baseline-bot,dbbee4e5-2ff5-43a2-a03c-ca46bf428737,MARKET,MEAN_REVERT,100.4,0.06,2026-04-30T18:32:30.116005+00:00
22fc3690-c75a-40b7-b612-600474db273b,AAPL,100.81,3.0,simulated-liquidity-provider,mean-reversion-bot,0d22aa9e-7fac-4d56-b1c0-6001e744c87a,MARKET,TREND_UP,100.85,0.08,2026-04-30T18:32:31.118976+00:00
20ace870-08f8-42a6-8fe5-ad56985ba7bd,AAPL,100.89,3.0,momentum-bot,simulated-liquidity-provider,366e666b-e4e7-4ae5-a6e2-66d357d40b5e,MARKET,TREND_UP,100.85,0.08,2026-04-30T18:32:31.121034+00:00
75e77a0e-2976-461c-8e46-6ccb01c37c5e,AAPL,101.23,3.0,momentum-bot,simulated-liquidity-provider,88d259af-9135-4948-9cc7-56deff8d0399,MARKET,TREND_UP,101.2,0.06,2026-04-30T18:32:32.127684+00:00
e77e6199-57f3-42dd-8fe7-457b52433706,AAPL,101.17,3.0,simulated-liquidity-provider,mean-reversion-bot,206bfd8a-296e-499b-a763-87e74f8a3445,MARKET,TREND_UP,101.2,0.06,2026-04-30T18:32:32.128195+00:00
41cacd8d-4a75-4c85-80af-acd8f621b0f1,AAPL,100.78,3.0,momentum-bot,simulated-liquidity-provider,251ab97a-10de-44af-bd0e-c6b7b0e13554,MARKET,TREND_DOWN,100.75,0.06,2026-04-30T18:32:33.132468+00:00
2774e1ad-d49a-4f4b-91c9-aeea6278b395,AAPL,100.26,1.0,simulated-liquidity-provider,baseline-bot,1dace9a4-cdc8-44c3-8a2f-bc473d062efd,MARKET,TREND_DOWN,100.3,0.08,2026-04-30T18:32:34.140028+00:00
5c8e6448-030c-4c66-9633-2649a54cabfb,AAPL,100.26,3.0,simulated-liquidity-provider,momentum-bot,3626c3f4-167a-483c-8eed-bd460a600826,MARKET,TREND_DOWN,100.3,0.08,2026-04-30T18:32:34.140553+00:00
ff980ee5-8400-4aad-b918-b5d209db67c2,AAPL,100.34,3.0,mean-reversion-bot,simulated-liquidity-provider,07e17c51-f1dc-4339-b30a-dd7c3d752e82,MARKET,TREND_DOWN,100.3,0.08,2026-04-30T18:32:34.140891+00:00
6af7ea9d-3f83-4992-bbdb-2ec1f9c5d9b6,AAPL,99.99,3.0,mean-reversion-bot,simulated-liquidity-provider,6b31c768-6c66-44b2-973a-80418cf2a43f,MARKET,TREND_DOWN,99.95,0.08,2026-04-30T18:32:35.144555+00:00
2e2ca58f-26d7-4df7-9f28-0e1c6a8c57c1,AAPL,99.91,3.0,simulated-liquidity-provider,momentum-bot,a74a9876-194e-4d56-8f24-d6f26ad99355,MARKET,TREND_DOWN,99.95,0.08,2026-04-30T18:32:35.145070+00:00
747eda76-3cf1-459e-9d83-d3b3c587dae5,AAPL,99.56,3.0,simulated-liquidity-provider,momentum-bot,00d4f7b5-5dfd-4fe5-b0a9-cd188dfcd174,MARKET,TREND_DOWN,99.6,0.08,2026-04-30T18:32:36.151943+00:00
fb5d19a0-d42d-4b44-bcc9-2fde2756ac2d,AAPL,99.64,3.0,mean-reversion-bot,simulated-liquidity-provider,7f63fff8-183f-47cd-85f8-e7025793420e,MARKET,TREND_DOWN,99.6,0.08,2026-04-30T18:32:36.152422+00:00
7ec11f81-b2fd-4db4-a1b9-1e70aa60712c,AAPL,100.07,3.0,simulated-liquidity-provider,momentum-bot,e26829ca-42ea-4358-b5d0-f0590c8211a1,MARKET,TREND_UP,100.1,0.06,2026-04-30T18:32:37.158282+00:00
699b856c-956d-4cb2-90df-a189e733ff11,AAPL,100.23,2.0,baseline-bot,simulated-liquidity-provider,86425168-1d33-4fa1-b41e-afd5a2a292c9,MARKET,MEAN_REVERT,100.2,0.06,2026-04-30T18:32:38.166684+00:00
84822420-4666-4e17-b558-7aa958352e8e,AAPL,100.23,3.0,momentum-bot,simulated-liquidity-provider,6daab122-1191-48e7-a8cf-009b9dc404ec,MARKET,MEAN_REVERT,100.2,0.06,2026-04-30T18:32:38.167141+00:00
f08bcfd1-a1ae-488e-ac2e-d074ad5efaed,AAPL,100.58,1.0,baseline-bot,simulated-liquidity-provider,447e37ea-d20b-4bf9-a492-6aeb552ef156,MARKET,TREND_UP,100.55,0.06,2026-04-30T18:32:39.172848+00:00
76571d70-3b05-4a62-aaf8-03a2e418e12e,AAPL,100.58,3.0,momentum-bot,simulated-liquidity-provider,da16cf0f-2591-449a-8546-96201c3522bb,MARKET,TREND_UP,100.55,0.06,2026-04-30T18:32:39.173274+00:00
e8f200a6-c712-4baa-8cab-6ad55ad845e6,AAPL,100.52,3.0,simulated-liquidity-provider,mean-reversion-bot,d46ece8a-27c9-4448-b5ca-5efda6ca9a03,MARKET,TREND_UP,100.55,0.06,2026-04-30T18:32:39.173612+00:00
0289c5a3-07de-4a15-bb24-b92b74e9ca1e,AAPL,100.42,3.0,momentum-bot,simulated-liquidity-provider,c0ba20e1-e1aa-42ad-8979-edd3483567fb,MARKET,MEAN_REVERT,100.4,0.04,2026-04-30T18:32:40.176452+00:00
e804fc78-9c8c-472e-8a7b-dd3ca8dc91ba,AAPL,100.89,3.0,momentum-bot,simulated-liquidity-provider,a21cc69e-1d9d-4cde-a450-f9ba51d50b1a,MARKET,TREND_UP,100.85,0.08,2026-04-30T18:32:41.185438+00:00
baf4ab24-9347-4f16-92db-2212bac76762,AAPL,100.81,3.0,simulated-liquidity-provider,mean-reversion-bot,50de5893-93a9-46b3-99c2-46c44f0bd69a,MARKET,TREND_UP,100.85,0.08,2026-04-30T18:32:41.185854+00:00
646a0bb6-df31-49cf-9166-1bd5c47d1efe,AAPL,101.17,3.0,simulated-liquidity-provider,mean-reversion-bot,bc2bd172-e90b-4cf0-8914-8c7f5f738753,MARKET,TREND_UP,101.2,0.06,2026-04-30T18:32:42.190159+00:00
b856ff4a-a5f4-489c-a829-49c070f0a781,AAPL,101.23,3.0,momentum-bot,simulated-liquidity-provider,b57cb32f-efc8-4091-a700-6a5abfd5ec94,MARKET,TREND_UP,101.2,0.06,2026-04-30T18:32:42.190967+00:00
7bff48fd-4674-46e5-94aa-8c3bfc99a699,AAPL,100.7,2.0,simulated-liquidity-provider,baseline-bot,f2c133a0-baac-4968-81e3-ac363af1ebe8,MARKET,TREND_DOWN,100.75,0.1,2026-04-30T18:32:43.196901+00:00
59a55301-baf3-4002-9e25-60510ecaa084,AAPL,100.8,3.0,momentum-bot,simulated-liquidity-provider,39b2889f-68d3-41ae-ab43-3d08c5f3ade9,MARKET,TREND_DOWN,100.75,0.1,2026-04-30T18:32:43.197320+00:00
5ab9d92c-3522-457e-ac43-fe683bd856bc,AAPL,100.34,2.0,baseline-bot,simulated-liquidity-provider,3f73da3d-d308-486f-bf33-f7c06fcdc652,MARKET,TREND_DOWN,100.3,0.08,2026-04-30T18:32:44.203390+00:00
e90493d3-e5de-4dd9-93df-f13f9ed8ef0e,AAPL,100.26,3.0,simulated-liquidity-provider,momentum-bot,3a405aba-d668-4855-8d8b-54c454c76414,MARKET,TREND_DOWN,100.3,0.08,2026-04-30T18:32:44.203815+00:00
08b05472-0734-4c52-a624-43f441852532,AAPL,100.34,3.0,mean-reversion-bot,simulated-liquidity-provider,2b93ee1e-900a-4384-a93c-91bf54d2c630,MARKET,TREND_DOWN,100.3,0.08,2026-04-30T18:32:44.204057+00:00
7854ebb4-2edc-4879-82bb-84ce2c2604c9,AAPL,99.98,3.0,mean-reversion-bot,simulated-liquidity-provider,65deb8f7-e4e7-4526-abf2-14d2b117b867,MARKET,TREND_DOWN,99.95,0.06,2026-04-30T18:32:45.201063+00:00
2263e2f2-626e-4b0f-b37a-3669b16d82f7,AAPL,99.98,5.0,baseline-bot,simulated-liquidity-provider,beae892f-ac3e-4b79-9702-1d8c6299eba1,MARKET,TREND_DOWN,99.95,0.06,2026-04-30T18:32:45.201372+00:00
36e24c99-727f-4bad-88b2-c245743a27fb,AAPL,99.92,3.0,simulated-liquidity-provider,momentum-bot,08d811b8-bae6-474a-9f5b-988889892d61,MARKET,TREND_DOWN,99.95,0.06,2026-04-30T18:32:45.201529+00:00
337ef0e5-fbdc-4e6e-9a90-9f7fac4e6983,AAPL,99.55,3.0,simulated-liquidity-provider,momentum-bot,367e3104-8b85-4570-b39c-291d5f1fe215,MARKET,TREND_DOWN,99.6,0.1,2026-04-30T18:32:46.206809+00:00
34db13e9-5289-41e4-aa93-e7c8b77d6f33,AAPL,99.65,3.0,mean-reversion-bot,simulated-liquidity-provider,3d123c95-5c02-4c4f-a1a0-37f9c24688d8,MARKET,TREND_DOWN,99.6,0.1,2026-04-30T18:32:46.207236+00:00
4d201838-99ec-4fc2-97bb-52f6da797bc8,AAPL,100.05,3.0,simulated-liquidity-provider,momentum-bot,d3a6ca2f-62ac-47be-a210-a8a478d2ca39,MARKET,TREND_UP,100.1,0.1,2026-04-30T18:32:47.213451+00:00
8439ab81-2662-48ed-a637-468f9a328af8,AAPL,100.22,3.0,momentum-bot,simulated-liquidity-provider,d6e723e3-6444-4a67-989c-8ab9536be136,MARKET,MEAN_REVERT,100.2,0.04,2026-04-30T18:32:48.219980+00:00
71c14c98-1646-4619-917b-5376264e5674,AAPL,100.59,3.0,momentum-bot,simulated-liquidity-provider,8287e337-fa56-43a4-af66-1bb0696479cc,MARKET,TREND_UP,100.55,0.08,2026-04-30T18:32:49.222816+00:00
1d10ab11-4467-47fc-8c4f-ec640033b1c2,AAPL,100.51,3.0,simulated-liquidity-provider,mean-reversion-bot,11487436-e771-4e48-8fff-28df30f78fe1,MARKET,TREND_UP,100.55,0.08,2026-04-30T18:32:49.223261+00:00
9062989e-fd50-460c-ae90-66ae191e7b9a,AAPL,100.43,3.0,momentum-bot,simulated-liquidity-provider,788b15ae-fef0-4731-9468-8f43e0c42602,MARKET,MEAN_REVERT,100.4,0.06,2026-04-30T18:32:50.230993+00:00
1de18dd1-354c-4239-b771-2770663d131e,AAPL,100.88,3.0,momentum-bot,simulated-liquidity-provider,ceb1ca65-60e0-4d9a-b02b-cddf1f6b7a2f,MARKET,TREND_UP,100.85,0.06,2026-04-30T18:32:51.238218+00:00
d2ab3034-e71c-45e8-a922-35144e748a31,AAPL,100.88,5.0,baseline-bot,simulated-liquidity-provider,04ee5b3c-41f3-4e43-b9d3-47cc71d8cf97,MARKET,TREND_UP,100.85,0.06,2026-04-30T18:32:51.238607+00:00
3c349528-4a41-49a5-bfe9-5406572ad663,AAPL,100.82,3.0,simulated-liquidity-provider,mean-reversion-bot,458fa089-1ba4-4c0f-a4ca-d34bf068bb62,MARKET,TREND_UP,100.85,0.06,2026-04-30T18:32:51.238849+00:00
245420a5-5850-41d5-bd97-3f2eeea064af,AAPL,101.24,3.0,momentum-bot,simulated-liquidity-provider,2fb4af83-ece1-4388-bfcd-0ba097b656e9,MARKET,TREND_UP,101.2,0.08,2026-04-30T18:32:52.241801+00:00
f6017eac-fc66-4413-8b10-7ac12d699033,AAPL,101.16,3.0,simulated-liquidity-provider,mean-reversion-bot,787baea4-b4bd-4b2b-8ed2-85f3c4fcd8db,MARKET,TREND_UP,101.2,0.08,2026-04-30T18:32:52.242319+00:00
a98bec37-2289-486f-8424-e3c2955e290c,AAPL,100.78,3.0,momentum-bot,simulated-liquidity-provider,4a4e3be3-2ffa-4b8b-b2f7-62cda7a62397,MARKET,TREND_DOWN,100.75,0.06,2026-04-30T18:32:53.247235+00:00
ca7be474-2290-4960-9772-2ce5f311d7a2,AAPL,100.33,3.0,mean-reversion-bot,simulated-liquidity-provider,e9b9bf39-9b66-4752-a733-2ad2562a1201,MARKET,TREND_DOWN,100.3,0.06,2026-04-30T18:32:54.245757+00:00
3a453da9-ab6e-45b7-bf05-936f4017441e,AAPL,100.27,3.0,simulated-liquidity-provider,momentum-bot,bc28003d-d18f-476d-a907-d3fb42518155,MARKET,TREND_DOWN,100.3,0.06,2026-04-30T18:32:54.246035+00:00
42818e17-c6c1-4989-875b-1981db6c526c,AAPL,99.99,3.0,mean-reversion-bot,simulated-liquidity-provider,944f16f1-9a0d-4835-a05b-2d5c516e451c,MARKET,TREND_DOWN,99.95,0.08,2026-04-30T18:32:55.252448+00:00
4f1c36ac-ce3e-4e4b-bd70-b6b99da84e7e,AAPL,99.91,3.0,simulated-liquidity-provider,momentum-bot,1325f3b7-84bd-46e1-9f67-35ee0a1cfad8,MARKET,TREND_DOWN,99.95,0.08,2026-04-30T18:32:55.252989+00:00
4f821457-a48a-447d-91ff-7e08c19cb419,AAPL,99.65,3.0,mean-reversion-bot,simulated-liquidity-provider,ca9ca6e6-7bb4-4b99-a569-451a2aaceace,MARKET,TREND_DOWN,99.6,0.1,2026-04-30T18:32:56.258368+00:00
14e98e9c-fdcf-43f9-b72d-3e574d0d6ebf,AAPL,99.55,3.0,simulated-liquidity-provider,momentum-bot,e80c69d5-3d36-4900-914b-98ccd114deb2,MARKET,TREND_DOWN,99.6,0.1,2026-04-30T18:32:56.258774+00:00
56675394-cddb-4243-961e-51ad08107433,AAPL,100.06,3.0,simulated-liquidity-provider,momentum-bot,54720ba4-aa02-4041-b0b5-171bbf7f24c9,MARKET,TREND_UP,100.1,0.08,2026-04-30T18:32:57.265510+00:00
b0b70ff4-697f-4794-b989-a54a033e2400,AAPL,100.22,3.0,momentum-bot,simulated-liquidity-provider,fa87dbdd-5ca2-4e04-a2a4-89c57c3a3992,MARKET,MEAN_REVERT,100.2,0.04,2026-04-30T18:32:58.271148+00:00
1595840f-2a89-4039-858d-4e3815b66f6b,AAPL,100.59,3.0,momentum-bot,simulated-liquidity-provider,c6bc9eda-3301-4ff7-873d-a66572807abb,MARKET,TREND_UP,100.55,0.08,2026-04-30T18:32:59.273642+00:00
e2e70574-bdac-445d-bdf0-297fc41ca830,AAPL,100.51,3.0,simulated-liquidity-provider,mean-reversion-bot,08968077-4954-4a0f-8f26-937d7cefba40,MARKET,TREND_UP,100.55,0.08,2026-04-30T18:32:59.274088+00:00
0e6ce628-0821-4fad-ac55-a6aa6e21f12c,AAPL,100.42,3.0,momentum-bot,simulated-liquidity-provider,2d8be837-cd23-4d9e-9816-02bc4150be56,MARKET,MEAN_REVERT,100.4,0.04,2026-04-30T18:33:00.280006+00:00
6cfecbde-c487-45a9-aa22-5a20f26a5015,AAPL,100.82,3.0,simulated-liquidity-provider,mean-reversion-bot,6e9acc60-86e1-4065-b3d4-f89148b3295c,MARKET,TREND_UP,100.85,0.06,2026-04-30T18:33:01.282660+00:00
ee389ec5-9a0c-466d-9d73-8a8f7464330c,AAPL,100.88,3.0,momentum-bot,simulated-liquidity-provider,a1f695a9-e4e5-4ad6-b736-33473a2e22f3,MARKET,TREND_UP,100.85,0.06,2026-04-30T18:33:01.283059+00:00
6d1b53eb-7b26-463e-9c13-f5ca45145043,AAPL,101.23,3.0,momentum-bot,simulated-liquidity-provider,4e986335-3e0f-4c35-97b1-593520c64e40,MARKET,TREND_UP,101.2,0.06,2026-04-30T18:33:02.289132+00:00
cbb6017c-190e-4b7e-8396-9d95271db303,AAPL,101.17,3.0,simulated-liquidity-provider,mean-reversion-bot,585629b4-cb2a-4e4d-9323-918c4549d2d0,MARKET,TREND_UP,101.2,0.06,2026-04-30T18:33:02.290896+00:00
07f16a7f-8a26-46ce-80a7-cb6e7e31795f,AAPL,100.71,5.0,simulated-liquidity-provider,baseline-bot,bea0a688-9a66-4117-9036-fd0f8f127768,MARKET,TREND_DOWN,100.75,0.08,2026-04-30T18:33:03.292923+00:00
cf6cbebd-c03f-42cb-ac0e-895fad1abf6a,AAPL,100.79,3.0,momentum-bot,simulated-liquidity-provider,e39f16a3-32b7-4120-a72f-1438bacd5daa,MARKET,TREND_DOWN,100.75,0.08,2026-04-30T18:33:03.293333+00:00
3201252f-53bc-43d8-97a3-74966a2cc566,AAPL,100.33,3.0,mean-reversion-bot,simulated-liquidity-provider,1e207e3d-b2f3-44f0-bc94-60ff260682c9,MARKET,TREND_DOWN,100.3,0.06,2026-04-30T18:33:04.294577+00:00
24562496-e170-4930-8bae-c35cf687f330,AAPL,100.27,3.0,simulated-liquidity-provider,momentum-bot,538670ea-9ca3-49ac-aa15-7c867268a948,MARKET,TREND_DOWN,100.3,0.06,2026-04-30T18:33:04.294789+00:00
fa64a368-28c2-47d3-9a7a-69d910d2d344,AAPL,99.99,3.0,mean-reversion-bot,simulated-liquidity-provider,da164e9a-f163-420a-b2d7-6a5a29f48776,MARKET,TREND_DOWN,99.95,0.08,2026-04-30T18:33:05.305085+00:00
4d74044e-67a7-4418-adba-07422a19d6d4,AAPL,99.91,3.0,simulated-liquidity-provider,momentum-bot,a85b829c-2b28-4aee-8c09-8f9a6a6e0f89,MARKET,TREND_DOWN,99.95,0.08,2026-04-30T18:33:05.305506+00:00
e8950924-6fc8-4de5-9c91-3cc7446f352c,AAPL,99.65,3.0,mean-reversion-bot,simulated-liquidity-provider,aa6e838b-e4a7-43f2-81b2-cfb04184a0d7,MARKET,TREND_DOWN,99.6,0.1,2026-04-30T18:33:06.310868+00:00
ad152c4c-a2d0-4aef-a402-368ae2611b6c,AAPL,99.55,3.0,simulated-liquidity-provider,momentum-bot,3d891093-7fc1-4640-b055-f556aee9f95f,MARKET,TREND_DOWN,99.6,0.1,2026-04-30T18:33:06.311307+00:00
8d02412f-3062-4cda-8471-cf2d7a9627de,AAPL,100.07,3.0,simulated-liquidity-provider,momentum-bot,358b056c-1db7-46d1-b4e2-0f33b3274e40,MARKET,TREND_UP,100.1,0.06,2026-04-30T18:33:07.313801+00:00
d9507b96-cb66-4c49-93b2-85f431fb5711,AAPL,100.13,1.0,baseline-bot,simulated-liquidity-provider,25572607-d6a4-4950-8c9b-d42f2e1b9fd0,MARKET,TREND_UP,100.1,0.06,2026-04-30T18:33:07.314229+00:00
2ca41486-6beb-45f9-8989-7ee115199e97,AAPL,100.22,3.0,momentum-bot,simulated-liquidity-provider,5f991fa0-9f79-4d7f-89b9-ced558d8aeba,MARKET,MEAN_REVERT,100.2,0.04,2026-04-30T18:33:08.320638+00:00
b82b33d1-9b44-4f57-84d4-8634eae5d190,AAPL,100.22,1.0,baseline-bot,simulated-liquidity-provider,7f1beac0-c54f-4bcd-b027-16d83d7dfbec,MARKET,MEAN_REVERT,100.2,0.04,2026-04-30T18:33:08.321079+00:00
3e6762e9-554b-4745-a8a4-4e3214aeca33,AAPL,100.6,3.0,momentum-bot,simulated-liquidity-provider,25fcafd0-7e94-4073-b7f3-a8e803584506,MARKET,TREND_UP,100.55,0.1,2026-04-30T18:33:09.325246+00:00
cff9adcb-96e2-4963-9645-298e81df0794,AAPL,100.5,2.0,simulated-liquidity-provider,baseline-bot,15f30a57-c5d8-4e87-ad33-876128d1e4eb,MARKET,TREND_UP,100.55,0.1,2026-04-30T18:33:09.325671+00:00
c5198cb0-86d2-4d15-9b34-a22fadecb64f,AAPL,100.5,3.0,simulated-liquidity-provider,mean-reversion-bot,8875a929-bb43-4cdb-ab7f-d3c34f087990,MARKET,TREND_UP,100.55,0.1,2026-04-30T18:33:09.325912+00:00
71eb5d70-8090-4b26-adbd-ced77fb636c4,AAPL,100.42,3.0,momentum-bot,simulated-liquidity-provider,3288f42f-0b4d-441b-84bb-ffc0da9b9f84,MARKET,MEAN_REVERT,100.4,0.04,2026-04-30T18:33:10.330282+00:00
d957cc1d-594a-46c7-8b09-3f6b8eda3429,AAPL,100.9,3.0,momentum-bot,simulated-liquidity-provider,c6fd563c-d06f-414e-b6d1-54ca73b167c0,MARKET,TREND_UP,100.85,0.1,2026-04-30T18:33:11.335253+00:00
56818e88-232c-4937-853c-6680a2177d5c,AAPL,100.8,3.0,simulated-liquidity-provider,mean-reversion-bot,d99e6b74-e68f-4be6-8480-6f5ae184c3b4,MARKET,TREND_UP,100.85,0.1,2026-04-30T18:33:11.335676+00:00
09f9413f-977c-4715-9d22-73b778f09ca0,AAPL,101.24,3.0,momentum-bot,simulated-liquidity-provider,4b993439-4b11-4f77-89fb-9896d46acae2,MARKET,TREND_UP,101.2,0.08,2026-04-30T18:33:12.339727+00:00
5bf23150-729d-4c77-a3c1-56b808d6b3a2,AAPL,101.16,3.0,simulated-liquidity-provider,mean-reversion-bot,ecedc513-88b2-42e2-a693-b18fb452d2b4,MARKET,TREND_UP,101.2,0.08,2026-04-30T18:33:12.340175+00:00
dade2e16-7584-410a-ac4f-5eef02298668,AAPL,100.79,3.0,momentum-bot,simulated-liquidity-provider,3437c898-a326-4ce8-91b7-222be52c9060,MARKET,TREND_DOWN,100.75,0.08,2026-04-30T18:33:13.347184+00:00
916dab9a-6d06-469f-99c9-3b47abacf070,AAPL,100.34,3.0,mean-reversion-bot,simulated-liquidity-provider,4f881421-462f-4190-9176-1ff0d91dc967,MARKET,TREND_DOWN,100.3,0.08,2026-04-30T18:33:14.353568+00:00
da4af18d-53d1-4085-9811-48cf09153ac0,AAPL,100.26,3.0,simulated-liquidity-provider,momentum-bot,7553c50f-251b-440f-ba1d-6eeb8383260c,MARKET,TREND_DOWN,100.3,0.08,2026-04-30T18:33:14.353963+00:00
64880483-9a95-4883-a0a3-e590f4b13d03,AAPL,99.9,3.0,simulated-liquidity-provider,momentum-bot,47cd0356-c7ff-4ce7-b41c-e3f8d537fd75,MARKET,TREND_DOWN,99.95,0.1,2026-04-30T18:33:15.354560+00:00
582e8bc0-df32-43c8-9cef-2378ca8c7abd,AAPL,100.0,3.0,mean-reversion-bot,simulated-liquidity-provider,ff100174-c279-4ff8-9dbe-ce28106daf38,MARKET,TREND_DOWN,99.95,0.1,2026-04-30T18:33:15.354982+00:00
c63de857-2bab-49c9-bb3f-81c3dee48f5c,AAPL,99.63,3.0,mean-reversion-bot,simulated-liquidity-provider,c92529d9-487e-4089-a8ce-a9fd215019d3,MARKET,TREND_DOWN,99.6,0.06,2026-04-30T18:33:16.362450+00:00
79fdafd1-036e-4a4b-a86c-a380208a3c07,AAPL,99.57,3.0,simulated-liquidity-provider,momentum-bot,5924832c-5a41-4974-b7cb-087d2923fa7d,MARKET,TREND_DOWN,99.6,0.06,2026-04-30T18:33:16.362872+00:00
2831eeac-692f-4b10-85af-fa34d742779a,AAPL,100.13,2.0,baseline-bot,simulated-liquidity-provider,85196b3f-e4b6-473f-8568-b4980e80b505,MARKET,TREND_UP,100.1,0.06,2026-04-30T18:33:17.364351+00:00
bc76e52f-5eca-4ce3-921b-bded683dfc16,AAPL,100.07,3.0,simulated-liquidity-provider,momentum-bot,b8c3c24d-6b26-4998-95f5-d3e848a97f8d,MARKET,TREND_UP,100.1,0.06,2026-04-30T18:33:17.364776+00:00
7aee8f76-61b7-468a-8b41-fae9ab0e24ef,AAPL,100.22,3.0,momentum-bot,simulated-liquidity-provider,fadd985e-1535-4523-af5e-ed8ba9fa0769,MARKET,MEAN_REVERT,100.2,0.04,2026-04-30T18:33:18.371144+00:00
5c13e15d-950f-42de-8fdf-294b4ce40595,AAPL,100.52,3.0,simulated-liquidity-provider,mean-reversion-bot,0ae3527e-f70c-4932-9262-0f2c84f7895b,MARKET,TREND_UP,100.55,0.06,2026-04-30T18:33:19.378514+00:00
8e26194f-6e7c-4a79-81b0-d8b269e5273a,AAPL,100.58,2.0,baseline-bot,simulated-liquidity-provider,441e67a7-0eee-4433-a237-be1d4e573695,MARKET,TREND_UP,100.55,0.06,2026-04-30T18:33:19.378958+00:00
8fe6663c-64ad-476f-be5e-cf7b8e19a8e0,AAPL,100.58,3.0,momentum-bot,simulated-liquidity-provider,4943943d-0421-4ff4-91a2-a83bf36ce359,MARKET,TREND_UP,100.55,0.06,2026-04-30T18:33:19.379201+00:00
51602fca-5780-493c-87c0-b8862a3344c2,AAPL,100.38,1.0,simulated-liquidity-provider,baseline-bot,7a820381-acc8-456c-bac7-66218e76c48c,MARKET,MEAN_REVERT,100.4,0.04,2026-04-30T18:33:20.385650+00:00
b99ab242-b2dd-4567-86df-ae5e43663de5,AAPL,100.42,3.0,momentum-bot,simulated-liquidity-provider,8a76aaeb-5122-4d0d-91a2-ed2f0b003380,MARKET,MEAN_REVERT,100.4,0.04,2026-04-30T18:33:20.386083+00:00
2fb9a85f-39e5-40df-9c61-40b5fc45985f,AAPL,100.82,2.0,simulated-liquidity-provider,baseline-bot,cfc0b17b-b1f4-4c38-b419-86e970084adc,MARKET,TREND_UP,100.85,0.06,2026-04-30T18:33:21.391902+00:00
1a30a6c6-1ec6-47ac-b64a-93610e25301a,AAPL,100.88,3.0,momentum-bot,simulated-liquidity-provider,81d8108e-9f7e-4789-9af0-0f8b6acd38f8,MARKET,TREND_UP,100.85,0.06,2026-04-30T18:33:21.392410+00:00
25c08075-f3cf-4334-8bcb-d0fe62bc5e74,AAPL,100.82,3.0,simulated-liquidity-provider,mean-reversion-bot,e29ebc30-b5cc-4845-8644-6af939d16b0c,MARKET,TREND_UP,100.85,0.06,2026-04-30T18:33:21.393540+00:00
e628b3f2-c9d1-4956-91a2-0410f297388c,AAPL,101.23,3.0,momentum-bot,simulated-liquidity-provider,d3b24184-2030-49e3-bf04-6998e987a57a,MARKET,TREND_UP,101.2,0.06,2026-04-30T18:33:22.392620+00:00
3c930eac-7a4b-4a89-a9f2-a66a4878b3a0,AAPL,101.17,3.0,simulated-liquidity-provider,mean-reversion-bot,c76da3e6-fda4-45fa-924d-ba9d09a20ca6,MARKET,TREND_UP,101.2,0.06,2026-04-30T18:33:22.393175+00:00
ef1a21f8-aa4f-40e1-b4a6-c0e9775df3f8,AAPL,100.79,3.0,momentum-bot,simulated-liquidity-provider,024a0f4c-7fee-42ba-83ee-41b0450fccf8,MARKET,TREND_DOWN,100.75,0.08,2026-04-30T18:33:23.398549+00:00
59bddb6b-e388-4659-b299-fcca8dd9b72d,AAPL,100.25,3.0,simulated-liquidity-provider,momentum-bot,04821e8b-8b0c-4ec8-ae60-26176e618a7f,MARKET,TREND_DOWN,100.3,0.1,2026-04-30T18:33:24.403457+00:00
e420ece8-7e3b-4058-81b4-4c24c4e9ad43,AAPL,100.25,5.0,simulated-liquidity-provider,baseline-bot,4bd87c7c-af3f-4afa-a1f1-72f1e6a83b3c,MARKET,TREND_DOWN,100.3,0.1,2026-04-30T18:33:24.403895+00:00
2b2f875e-3285-44f1-8741-01cbc61cf191,AAPL,100.35,3.0,mean-reversion-bot,simulated-liquidity-provider,78dae2aa-86aa-43d1-a6d1-cfc042b430a2,MARKET,TREND_DOWN,100.3,0.1,2026-04-30T18:33:24.404128+00:00
e9944297-a033-4a8f-b6ed-18438c673043,AAPL,99.9,3.0,simulated-liquidity-provider,momentum-bot,4ee4037f-3a43-45ad-8414-e205d4383889,MARKET,TREND_DOWN,99.95,0.1,2026-04-30T18:33:25.406015+00:00
f3113ac2-0a70-40e9-84a3-aaee4bf92c5e,AAPL,100.0,3.0,mean-reversion-bot,simulated-liquidity-provider,d66ed73e-3f59-4a33-bf4f-fd679f25a04a,MARKET,TREND_DOWN,99.95,0.1,2026-04-30T18:33:25.406443+00:00
090edbaa-2e0a-4fb5-b46e-9ba5018de113,AAPL,99.57,3.0,simulated-liquidity-provider,momentum-bot,92141394-32b4-4af9-8704-8934ecf09556,MARKET,TREND_DOWN,99.6,0.06,2026-04-30T18:33:26.412582+00:00
55e3764b-cc81-4593-a7f0-7acc33f66304,AAPL,99.63,3.0,mean-reversion-bot,simulated-liquidity-provider,e25826c4-249e-4012-aa25-d916435af13f,MARKET,TREND_DOWN,99.6,0.06,2026-04-30T18:33:26.413049+00:00
9f570a26-8496-491f-8bc0-68007d86a629,AAPL,100.05,3.0,simulated-liquidity-provider,momentum-bot,3ff60d37-cf1a-418f-9a0a-99380f523215,MARKET,TREND_UP,100.1,0.1,2026-04-30T18:33:27.414680+00:00
83736481-e0de-4beb-af77-4d8c7663b76b,AAPL,100.22,3.0,momentum-bot,simulated-liquidity-provider,cbcd34e5-70ac-4d0d-9c31-f8e9a1752f94,MARKET,MEAN_REVERT,100.2,0.04,2026-04-30T18:33:28.418619+00:00
04971d25-94d5-47b7-ad47-2293e846efa6,AAPL,100.58,3.0,momentum-bot,simulated-liquidity-provider,f4958b5d-9752-49a5-8f18-3df35008e58b,MARKET,TREND_UP,100.55,0.06,2026-04-30T18:33:29.421454+00:00
d3331762-ecd3-4fbb-a6ec-e619a2638aa3,AAPL,100.52,1.0,simulated-liquidity-provider,baseline-bot,08937db4-dc8f-43d2-a351-b5a8b18a79b2,MARKET,TREND_UP,100.55,0.06,2026-04-30T18:33:29.421727+00:00
baa9149b-c89c-4469-827c-f4dd925c8d3a,AAPL,100.52,3.0,simulated-liquidity-provider,mean-reversion-bot,a87cf5ae-5199-437e-ad39-a9d12d260fe2,MARKET,TREND_UP,100.55,0.06,2026-04-30T18:33:29.421892+00:00
25a5b610-ee94-4259-8b4f-3cdd64aa031e,AAPL,100.42,3.0,momentum-bot,simulated-liquidity-provider,a2721954-3368-4037-b2e5-fb810e8e1d7b,MARKET,MEAN_REVERT,100.4,0.04,2026-04-30T18:33:30.437533+00:00
41df1246-2bfd-412f-80a0-4724ce312660,AAPL,100.81,2.0,simulated-liquidity-provider,baseline-bot,126f0eed-1740-461f-8007-47f72641c787,MARKET,TREND_UP,100.85,0.08,2026-04-30T18:33:31.431589+00:00
631c6fbd-2350-4047-9055-deedab62c1cf,AAPL,100.81,3.0,simulated-liquidity-provider,mean-reversion-bot,d6682d3d-1eee-45ec-92c2-72cf4bf988c7,MARKET,TREND_UP,100.85,0.08,2026-04-30T18:33:31.432045+00:00
4ef0a0d6-f0f3-4313-8c4b-50c1fc997718,AAPL,100.89,3.0,momentum-bot,simulated-liquidity-provider,e02df0a1-4766-4e34-9e3b-bf17ae1fcb3b,MARKET,TREND_UP,100.85,0.08,2026-04-30T18:33:31.432514+00:00
0c811a44-5cca-4f68-b52b-8224651a5ae9,AAPL,101.24,3.0,momentum-bot,simulated-liquidity-provider,8b39512c-bde8-41ea-9a3d-7817889a0a37,MARKET,TREND_UP,101.2,0.08,2026-04-30T18:33:32.438257+00:00
4d75e346-04b2-408b-b158-1f8361b24dd7,AAPL,101.16,3.0,simulated-liquidity-provider,mean-reversion-bot,3ee6a6ab-e710-411b-95d4-fd2c41d0666e,MARKET,TREND_UP,101.2,0.08,2026-04-30T18:33:32.438652+00:00
1885b94c-1c88-4b0a-9c2b-290bfc539fcf,AAPL,100.79,3.0,momentum-bot,simulated-liquidity-provider,62225f84-5e51-484a-9411-dec489e92ad1,MARKET,TREND_DOWN,100.75,0.08,2026-04-30T18:33:33.443941+00:00
bedb23f8-da53-46ae-a585-e84b1d41b541,AAPL,100.26,3.0,simulated-liquidity-provider,momentum-bot,655be9ec-b17d-4429-a522-b47ef509866a,MARKET,TREND_DOWN,100.3,0.08,2026-04-30T18:33:34.450334+00:00
5c127444-e9e5-4250-aa6b-bd5eb46da4d6,AAPL,100.26,5.0,simulated-liquidity-provider,baseline-bot,121fa208-1dcf-44c7-9b5d-d5d988914c1e,MARKET,TREND_DOWN,100.3,0.08,2026-04-30T18:33:34.450744+00:00
a7b5f9e3-80fb-40d1-ba60-ea91a275ab08,AAPL,100.34,3.0,mean-reversion-bot,simulated-liquidity-provider,8d5708a1-ffa4-44df-91f8-992b174ea0fa,MARKET,TREND_DOWN,100.3,0.08,2026-04-30T18:33:34.451096+00:00
3147a5e1-aeed-4773-99f9-49bc32630d7a,AAPL,99.92,3.0,simulated-liquidity-provider,momentum-bot,cf86c04e-0b2e-41e3-9980-9aa0b869a7b1,MARKET,TREND_DOWN,99.95,0.06,2026-04-30T18:33:35.450904+00:00
178c6d0f-fff7-47ff-b78e-e92d242d17a4,AAPL,99.98,3.0,mean-reversion-bot,simulated-liquidity-provider,8fea3e81-a4a8-4c96-8670-5a70d38e58a2,MARKET,TREND_DOWN,99.95,0.06,2026-04-30T18:33:35.451245+00:00
f44e3632-dfa6-4f12-bd3b-57cd8eb90734,AAPL,99.57,3.0,simulated-liquidity-provider,momentum-bot,06e5e10c-e3e2-4278-b95c-7db83ed987a7,MARKET,TREND_DOWN,99.6,0.06,2026-04-30T18:33:36.461032+00:00
5c9d3e5b-fc45-451c-bc3c-95a7bccbc73a,AAPL,99.63,3.0,mean-reversion-bot,simulated-liquidity-provider,1075e850-a7a5-46a3-b5b5-c6a5096eb3b6,MARKET,TREND_DOWN,99.6,0.06,2026-04-30T18:33:36.461550+00:00
16e6f301-05ca-4511-8c98-253d92fd5736,AAPL,100.05,3.0,simulated-liquidity-provider,momentum-bot,a347b398-7d8f-48ea-b1af-0bddf6b90168,MARKET,TREND_UP,100.1,0.1,2026-04-30T18:33:37.468527+00:00
fbe838f2-fc08-482f-b20a-92047a225581,AAPL,100.23,3.0,momentum-bot,simulated-liquidity-provider,43da55ee-256c-494d-9ae9-4bc9166c152a,MARKET,MEAN_REVERT,100.2,0.06,2026-04-30T18:33:38.475484+00:00
f2781150-a7f5-4695-b64b-3dac84d390c2,AAPL,100.23,5.0,baseline-bot,simulated-liquidity-provider,fecc4f07-b5e3-4247-85d3-79edea7949e8,MARKET,MEAN_REVERT,100.2,0.06,2026-04-30T18:33:38.476247+00:00
afd167f0-e5d5-4282-be95-1f7d652591ae,AAPL,100.59,3.0,momentum-bot,simulated-liquidity-provider,bcc48aa6-19d6-44b5-adea-2c644bd60659,MARKET,TREND_UP,100.55,0.08,2026-04-30T18:33:39.475956+00:00
cbf1fb85-de68-42fc-856c-114c27151073,AAPL,100.51,3.0,simulated-liquidity-provider,mean-reversion-bot,3e3c67ef-18ee-4c2a-a771-b68b9334ab0d,MARKET,TREND_UP,100.55,0.08,2026-04-30T18:33:39.476728+00:00
37a4cf0a-eb92-46cb-8fe6-206639af0c1f,AAPL,100.51,5.0,simulated-liquidity-provider,baseline-bot,32707103-d0a9-4d5e-b164-df22043c2a8e,MARKET,TREND_UP,100.55,0.08,2026-04-30T18:33:39.477476+00:00
43781383-35e5-4a16-8422-038aadbe3235,AAPL,100.42,3.0,momentum-bot,simulated-liquidity-provider,ed7c57b7-b1ed-41a2-8092-373906290a57,MARKET,MEAN_REVERT,100.4,0.04,2026-04-30T18:33:40.480123+00:00
6331a259-3c52-4669-b1d1-6e62883dc700,AAPL,100.38,1.0,simulated-liquidity-provider,baseline-bot,376bfde0-010f-425c-a490-66cc8b7dcc4f,MARKET,MEAN_REVERT,100.4,0.04,2026-04-30T18:33:40.480461+00:00
b75ed9d6-cc12-4e5e-9c78-c101d47c9522,AAPL,100.8,3.0,simulated-liquidity-provider,mean-reversion-bot,a975ca86-e0f5-4b9f-8276-0a02607f7506,MARKET,TREND_UP,100.85,0.1,2026-04-30T18:33:41.488805+00:00
f44bd90a-7595-4072-b8cb-3c95733b2177,AAPL,100.9,3.0,momentum-bot,simulated-liquidity-provider,18592b54-c7a1-432b-9b80-d0e4a980b040,MARKET,TREND_UP,100.85,0.1,2026-04-30T18:33:41.489201+00:00
fafbd546-ca6f-4d6f-88c2-1a6c09baa5be,AAPL,101.17,3.0,simulated-liquidity-provider,mean-reversion-bot,de841c4e-9056-47d8-9c3c-e8cb5176be5b,MARKET,TREND_UP,101.2,0.06,2026-04-30T18:33:42.494588+00:00
96e5cae1-9229-4fc6-a38a-54358c99e2b5,AAPL,101.23,3.0,momentum-bot,simulated-liquidity-provider,b9d37556-6e5f-4ce3-8249-0ea2b194c6eb,MARKET,TREND_UP,101.2,0.06,2026-04-30T18:33:42.494884+00:00
35bcc07b-2278-4e75-9e06-251b3455b5fd,AAPL,100.78,3.0,momentum-bot,simulated-liquidity-provider,8775d585-5b71-4c62-a174-f9360293cba0,MARKET,TREND_DOWN,100.75,0.06,2026-04-30T18:33:43.505046+00:00
35f96acd-196f-4d80-8f40-7f8fa8b5bb3f,AAPL,100.33,5.0,baseline-bot,simulated-liquidity-provider,e2a659d4-bd94-429e-83ef-0bf179d6f298,MARKET,TREND_DOWN,100.3,0.06,2026-04-30T18:33:44.507543+00:00
69b5f3d6-b82b-46db-8129-3be15eea7682,AAPL,100.33,3.0,mean-reversion-bot,simulated-liquidity-provider,8f021324-a528-43b7-86a7-d61c0b17ae56,MARKET,TREND_DOWN,100.3,0.06,2026-04-30T18:33:44.507923+00:00
8ed91e2a-5f93-4433-afcc-ba6e107c3541,AAPL,100.27,3.0,simulated-liquidity-provider,momentum-bot,a993643e-7e33-4dee-abf7-e7d5e58925c5,MARKET,TREND_DOWN,100.3,0.06,2026-04-30T18:33:44.508147+00:00
e5694d28-a7e9-496b-b887-d6a14d7771ff,AAPL,99.99,3.0,mean-reversion-bot,simulated-liquidity-provider,d8c8d64e-1b02-42a9-9143-13b627671036,MARKET,TREND_DOWN,99.95,0.08,2026-04-30T18:33:45.510007+00:00
812d3d2c-ba2b-494f-bff1-5fe9dcc601ee,AAPL,99.91,3.0,simulated-liquidity-provider,momentum-bot,6d1c8527-a730-435c-a0c9-492dfa6ceedb,MARKET,TREND_DOWN,99.95,0.08,2026-04-30T18:33:45.510560+00:00
02a91a44-ec98-4816-94d9-6992ad340978,AAPL,99.56,3.0,simulated-liquidity-provider,momentum-bot,8b8f8e2f-fb65-4090-9628-1e08eeb23836,MARKET,TREND_DOWN,99.6,0.08,2026-04-30T18:33:46.515919+00:00
1429a859-7864-44c6-b672-8d21bf9a80da,AAPL,99.64,3.0,mean-reversion-bot,simulated-liquidity-provider,7d864686-ca58-4806-a00e-861e9bb18435,MARKET,TREND_DOWN,99.6,0.08,2026-04-30T18:33:46.516552+00:00
a4e824e2-31b2-42fd-9a42-aed8f055d876,AAPL,100.07,3.0,simulated-liquidity-provider,momentum-bot,6fc08076-5b85-4d3d-968a-e749194b0e90,MARKET,TREND_UP,100.1,0.06,2026-04-30T18:33:47.521587+00:00
ec252891-de70-4e65-8a2a-8901fb5a5570,AAPL,100.22,3.0,momentum-bot,simulated-liquidity-provider,ff81aa5e-bc83-4be9-bca0-e07005005296,MARKET,MEAN_REVERT,100.2,0.04,2026-04-30T18:33:48.528289+00:00
39edf5ba-a0a7-4789-8fe7-819d3dd007ab,AAPL,100.5,3.0,simulated-liquidity-provider,mean-reversion-bot,8a748306-8d21-4dd8-bef4-dc0f02b557d0,MARKET,TREND_UP,100.55,0.1,2026-04-30T18:33:49.533229+00:00
89f40d6a-1944-4427-a57d-cac08414f7be,AAPL,100.6,3.0,momentum-bot,simulated-liquidity-provider,96bcd53a-3b36-4b88-97b1-54b5b0eff015,MARKET,TREND_UP,100.55,0.1,2026-04-30T18:33:49.533547+00:00
17cb2f94-9a88-4f4e-a6ab-a54da1fd905f,AAPL,100.6,1.0,baseline-bot,simulated-liquidity-provider,df2a809f-3c74-4220-879c-96c9901a405f,MARKET,TREND_UP,100.55,0.1,2026-04-30T18:33:49.533802+00:00
f48af5df-5457-43b6-9336-795f30fbd0b0,AAPL,100.43,3.0,momentum-bot,simulated-liquidity-provider,6554e04f-4353-4d5e-90d7-1eb093b18ff6,MARKET,MEAN_REVERT,100.4,0.06,2026-04-30T18:33:50.536426+00:00
0e984efa-790a-44fa-b583-0612a7f47a0f,AAPL,100.37,5.0,simulated-liquidity-provider,baseline-bot,e87ea00b-9605-4be0-966b-5b6d7cf7a78d,MARKET,MEAN_REVERT,100.4,0.06,2026-04-30T18:33:50.536917+00:00
e5285288-74a0-41af-93f1-f94f0f63f391,AAPL,100.82,3.0,simulated-liquidity-provider,mean-reversion-bot,a5c43a7b-07fc-43e5-af99-88944ada6654,MARKET,TREND_UP,100.85,0.06,2026-04-30T18:33:51.540167+00:00
923d30f7-ba64-4dbf-892e-4d774a5f4642,AAPL,100.88,3.0,momentum-bot,simulated-liquidity-provider,f6f3abd3-c609-4c8a-96e9-d3bc3d901718,MARKET,TREND_UP,100.85,0.06,2026-04-30T18:33:51.540873+00:00
150d8838-a81b-4d08-838d-016a17b04152,AAPL,100.88,1.0,baseline-bot,simulated-liquidity-provider,2fd19e4a-f9b5-4d09-a1ee-2d079ef50e2f,MARKET,TREND_UP,100.85,0.06,2026-04-30T18:33:51.541745+00:00
87eb273e-b14d-41bd-978f-eb056ab87399,AAPL,101.16,3.0,simulated-liquidity-provider,mean-reversion-bot,b4290d08-0506-4f86-8388-9d6540e1d406,MARKET,TREND_UP,101.2,0.08,2026-04-30T18:33:52.542967+00:00
5498b694-80c6-4e81-974c-78854472f23a,AAPL,101.24,3.0,momentum-bot,simulated-liquidity-provider,6283a9bd-650b-4ef3-98ed-84a2074f5a09,MARKET,TREND_UP,101.2,0.08,2026-04-30T18:33:52.543493+00:00
f965b17e-c5cd-4081-8539-b4ce77022068,AAPL,100.79,3.0,momentum-bot,simulated-liquidity-provider,00514f5e-629f-4799-9b51-ed509dbe6304,MARKET,TREND_DOWN,100.75,0.08,2026-04-30T18:33:53.550728+00:00
14330315-83f1-43b6-8a2f-606850bb8a7d,AAPL,100.35,3.0,mean-reversion-bot,simulated-liquidity-provider,fa1182bf-69da-4149-bf85-d2c7373e7449,MARKET,TREND_DOWN,100.3,0.1,2026-04-30T18:33:54.558788+00:00
3971bead-701e-46ed-9d0f-6431dcac4060,AAPL,100.25,3.0,simulated-liquidity-provider,momentum-bot,74b3b7ce-d7e3-41bf-a4a5-90320f42313f,MARKET,TREND_DOWN,100.3,0.1,2026-04-30T18:33:54.559313+00:00
5d155164-ae7b-47e4-a1ab-5ec99ebce714,AAPL,100.35,1.0,baseline-bot,simulated-liquidity-provider,83ded269-928b-44da-8481-a4c9adefc6c1,MARKET,TREND_DOWN,100.3,0.1,2026-04-30T18:33:54.559950+00:00
0710f897-54dd-4245-894c-9eabcb03c78a,AAPL,100.0,3.0,mean-reversion-bot,simulated-liquidity-provider,46d37d60-ca5c-4960-b0db-65f04bdea05b,MARKET,TREND_DOWN,99.95,0.1,2026-04-30T18:33:55.562579+00:00
c02f32f4-1a38-47bd-9b54-f8eb7c07a70c,AAPL,99.9,3.0,simulated-liquidity-provider,momentum-bot,ce371507-46e9-4e07-ae2b-b79a2b2317b2,MARKET,TREND_DOWN,99.95,0.1,2026-04-30T18:33:55.562990+00:00
6635b72b-71e3-4e21-8497-a5ca9115975d,AAPL,99.63,3.0,mean-reversion-bot,simulated-liquidity-provider,bdf08e06-f480-4e39-ba80-2415b9aaa5c0,MARKET,TREND_DOWN,99.6,0.06,2026-04-30T18:33:56.564740+00:00
5227b74e-922f-4389-91aa-1b665a148632,AAPL,99.57,3.0,simulated-liquidity-provider,momentum-bot,5994af66-6e0f-4e30-919b-0bc641d591b1,MARKET,TREND_DOWN,99.6,0.06,2026-04-30T18:33:56.565278+00:00
f14f7bbe-0efc-42a2-ad52-eb8dc0c817e2,AAPL,99.57,2.0,simulated-liquidity-provider,baseline-bot,b29e2b44-4307-469c-85e5-b83e0e6844dc,MARKET,TREND_DOWN,99.6,0.06,2026-04-30T18:33:56.565653+00:00
b5b59430-8ad2-4703-bf55-19e622083767,AAPL,100.06,3.0,simulated-liquidity-provider,momentum-bot,270ff1c6-bac3-464f-b29a-1aed6ae0e109,MARKET,TREND_UP,100.1,0.08,2026-04-30T18:33:57.570713+00:00
3f4f9a88-780c-4fd4-92a1-3328ca7b129f,AAPL,100.23,3.0,momentum-bot,simulated-liquidity-provider,32dbcb79-3550-4dff-8ff3-5ded18d48a56,MARKET,MEAN_REVERT,100.2,0.06,2026-04-30T18:33:58.572464+00:00
6f191efd-a9f9-4311-b95f-478581663e60,AAPL,100.59,3.0,momentum-bot,simulated-liquidity-provider,4f9e4316-d9bb-497b-80c4-658738d593ef,MARKET,TREND_UP,100.55,0.08,2026-04-30T18:33:59.576387+00:00
a93ade3f-908b-45de-8f88-926d3efd9b70,AAPL,100.51,3.0,simulated-liquidity-provider,mean-reversion-bot,db9e546d-14e9-4cfb-92d6-53e3fbeaaac8,MARKET,TREND_UP,100.55,0.08,2026-04-30T18:33:59.576858+00:00
03b85694-b3de-41ca-bcd7-0f3f3c24a6fb,AAPL,100.43,3.0,momentum-bot,simulated-liquidity-provider,58660d15-22db-4b99-979e-fdf651876615,MARKET,MEAN_REVERT,100.4,0.06,2026-04-30T18:34:00.585243+00:00
94d9a369-72de-4f77-9815-65cc302a3544,AAPL,100.8,3.0,simulated-liquidity-provider,mean-reversion-bot,5fe7c460-3af6-4b61-bcc4-59f6cc1c5401,MARKET,TREND_UP,100.85,0.1,2026-04-30T18:34:01.589327+00:00
504a6f52-9968-474a-9612-0369994b1769,AAPL,100.9,3.0,momentum-bot,simulated-liquidity-provider,bf2db2c3-7d20-406e-a01d-f709cece94bd,MARKET,TREND_UP,100.85,0.1,2026-04-30T18:34:01.589794+00:00
9b4b3e9a-a85a-4f42-b97b-c5ca5fe615bf,AAPL,100.8,5.0,simulated-liquidity-provider,baseline-bot,12f2dfee-025f-415b-a7e9-621ac65cfc5f,MARKET,TREND_UP,100.85,0.1,2026-04-30T18:34:01.590425+00:00
7fd25c08-c001-46fc-a671-f47eb09b7802,AAPL,101.23,3.0,momentum-bot,simulated-liquidity-provider,76bcfc0e-eccc-4bad-b873-5b99cb0517e6,MARKET,TREND_UP,101.2,0.06,2026-04-30T18:34:02.596880+00:00
89fef3ba-491b-406d-87fa-631e8bd60f94,AAPL,101.17,3.0,simulated-liquidity-provider,mean-reversion-bot,5f8721a2-cb47-447e-8c45-80c794df9c81,MARKET,TREND_UP,101.2,0.06,2026-04-30T18:34:02.597306+00:00
7689afdb-b5a7-42ae-8d20-0f1537d9d4a0,AAPL,101.23,2.0,baseline-bot,simulated-liquidity-provider,4ebebc9f-9a73-4baf-a55a-0a79e06cf5e5,MARKET,TREND_UP,101.2,0.06,2026-04-30T18:34:02.597657+00:00
2514a531-34f2-4750-a36b-8bde61ec7678,AAPL,100.78,3.0,momentum-bot,simulated-liquidity-provider,3ced0e23-444d-47b1-8408-65fcec08a9a1,MARKET,TREND_DOWN,100.75,0.06,2026-04-30T18:34:03.600880+00:00
3d12c814-e498-4851-abbe-d0634fa84ad9,AAPL,100.26,3.0,simulated-liquidity-provider,momentum-bot,af0c995a-d6c0-423b-91d3-e3ea50bdd2fe,MARKET,TREND_DOWN,100.3,0.08,2026-04-30T18:34:04.605065+00:00
76c7921d-1003-4fb7-a4e1-3fa163a5e4b3,AAPL,100.26,5.0,simulated-liquidity-provider,baseline-bot,acb09cc5-a88e-4195-931c-a85750421815,MARKET,TREND_DOWN,100.3,0.08,2026-04-30T18:34:04.605907+00:00
3a3763c2-b397-4eb3-a54f-8ea1f6563d1a,AAPL,100.34,3.0,mean-reversion-bot,simulated-liquidity-provider,5754b32b-6a6c-4c96-81bb-a0be741f0755,MARKET,TREND_DOWN,100.3,0.08,2026-04-30T18:34:04.607879+00:00
a5141042-c036-4bda-97bf-d68561009833,AAPL,99.99,1.0,baseline-bot,simulated-liquidity-provider,ec6fce2e-2865-4397-a85c-142997555207,MARKET,TREND_DOWN,99.95,0.08,2026-04-30T18:34:05.613437+00:00
04b46cd4-29d1-415a-9f28-def1fc20fcd9,AAPL,99.99,3.0,mean-reversion-bot,simulated-liquidity-provider,6e551cbf-bff8-4167-8982-4d1de48e3921,MARKET,TREND_DOWN,99.95,0.08,2026-04-30T18:34:05.613889+00:00
163b0d7e-e84b-4948-b655-836cbdcd723c,AAPL,99.91,3.0,simulated-liquidity-provider,momentum-bot,e9f7cae1-23ae-460d-8af9-5cb1bd4aa333,MARKET,TREND_DOWN,99.95,0.08,2026-04-30T18:34:05.614247+00:00
f38d507c-c94e-4490-835e-8e40b629d434,AAPL,99.56,3.0,simulated-liquidity-provider,momentum-bot,08c20f5f-1061-41ef-9889-7f51c18186b8,MARKET,TREND_DOWN,99.6,0.08,2026-04-30T18:34:06.618901+00:00
5e371c61-88e1-4821-8060-6a7e48bac179,AAPL,99.64,1.0,baseline-bot,simulated-liquidity-provider,38bfc2b4-c0c4-4c48-b64c-fabef7ab536a,MARKET,TREND_DOWN,99.6,0.08,2026-04-30T18:34:06.619336+00:00
16236ec3-66a8-4673-a072-731ceaef0e1b,AAPL,99.64,3.0,mean-reversion-bot,simulated-liquidity-provider,5c07ac0a-a907-4b9b-939c-79d5bcf98ff2,MARKET,TREND_DOWN,99.6,0.08,2026-04-30T18:34:06.619649+00:00
f48f8fa4-4a6b-4f16-98d3-29026e4798ae,AAPL,100.06,3.0,simulated-liquidity-provider,momentum-bot,458a835d-7561-4885-bac3-eb8105a4df31,MARKET,TREND_UP,100.1,0.08,2026-04-30T18:34:07.621792+00:00
1cbc9b57-0bb5-4162-8f06-0609e6e1c43f,AAPL,100.18,5.0,simulated-liquidity-provider,baseline-bot,f8654fb8-396a-4691-baed-22df76c2196b,MARKET,MEAN_REVERT,100.2,0.04,2026-04-30T18:34:08.629477+00:00
5345ab5c-affe-49a9-b0f8-9615090665f9,AAPL,100.22,3.0,momentum-bot,simulated-liquidity-provider,81977237-ef68-4b5c-81bc-a73d032771a6,MARKET,MEAN_REVERT,100.2,0.04,2026-04-30T18:34:08.629961+00:00
b55f7846-b0ba-40ac-b4f2-ed44fc87bd3a,AAPL,100.59,3.0,momentum-bot,simulated-liquidity-provider,1c88a597-eae8-47c6-b388-591e34e8be9c,MARKET,TREND_UP,100.55,0.08,2026-04-30T18:34:09.632223+00:00
f000fc0d-a693-49c4-a405-fe49d890f0c1,AAPL,100.51,3.0,simulated-liquidity-provider,mean-reversion-bot,3cfcf020-1ea9-49a6-b222-50585f6434e3,MARKET,TREND_UP,100.55,0.08,2026-04-30T18:34:09.632794+00:00
897384f1-8444-450a-9e67-a896b3d18ccd,AAPL,100.42,3.0,momentum-bot,simulated-liquidity-provider,3515f313-168f-4d79-8462-0bfa0fa52d1a,MARKET,MEAN_REVERT,100.4,0.04,2026-04-30T18:34:10.632467+00:00
b19530bb-63fb-4442-b789-aa3405feb7fb,AAPL,100.89,3.0,momentum-bot,simulated-liquidity-provider,076c4cf3-f173-4a35-952d-0afbaa546674,MARKET,TREND_UP,100.85,0.08,2026-04-30T18:34:11.638144+00:00
0ffc117a-7392-4721-8aed-edc65ede45b3,AAPL,100.81,3.0,simulated-liquidity-provider,mean-reversion-bot,0ed861e2-5897-40e6-8e03-d7f2cc4fb6ff,MARKET,TREND_UP,100.85,0.08,2026-04-30T18:34:11.638549+00:00
5f1b2a07-33d4-4010-8c3d-1896793db2f2,AAPL,101.16,3.0,simulated-liquidity-provider,mean-reversion-bot,63aeead6-7f4f-41b7-945c-fc9af98211be,MARKET,TREND_UP,101.2,0.08,2026-04-30T18:34:12.646520+00:00
4e4ac991-34c9-4a42-ad77-ba2a16a16ab4,AAPL,101.24,1.0,baseline-bot,simulated-liquidity-provider,9563a2a8-f3a3-4cad-8080-c253deb6825d,MARKET,TREND_UP,101.2,0.08,2026-04-30T18:34:12.648747+00:00
3e1c223b-ec33-49fd-942c-36651f02d170,AAPL,101.24,3.0,momentum-bot,simulated-liquidity-provider,04f21937-97e3-4818-a21f-983c63c0c33d,MARKET,TREND_UP,101.2,0.08,2026-04-30T18:34:12.649862+00:00
d3d09a61-90cf-4c63-bd49-cc0fad5d5463,AAPL,100.78,3.0,momentum-bot,simulated-liquidity-provider,0cbd4a7d-47ba-4694-85d5-722aab0750fc,MARKET,TREND_DOWN,100.75,0.06,2026-04-30T18:34:13.648748+00:00
883dcd29-96d9-4f97-b699-683ce8386bdd,AAPL,100.34,3.0,mean-reversion-bot,simulated-liquidity-provider,e92679d7-c674-4c1b-9042-ff67c32524af,MARKET,TREND_DOWN,100.3,0.08,2026-04-30T18:34:14.654925+00:00
f4e56a27-29f3-4f25-a31a-21415480f005,AAPL,100.26,3.0,simulated-liquidity-provider,momentum-bot,54b98c18-eeab-432f-b4c2-39ba4afdad07,MARKET,TREND_DOWN,100.3,0.08,2026-04-30T18:34:14.655436+00:00
29c839ed-dbdc-4ecf-bbf0-6e62d138af1f,AAPL,100.34,5.0,baseline-bot,simulated-liquidity-provider,a85b3f61-308d-4978-a6c1-0f9f74326d2b,MARKET,TREND_DOWN,100.3,0.08,2026-04-30T18:34:14.655687+00:00
95960bbe-7bc1-4c68-8e20-28d32e6c6403,AAPL,99.99,3.0,mean-reversion-bot,simulated-liquidity-provider,12dc5d9c-1f14-40f6-a723-073164eb3c17,MARKET,TREND_DOWN,99.95,0.08,2026-04-30T18:34:15.660277+00:00
19b53428-b61c-462c-a91d-accb37b3b41a,AAPL,99.91,3.0,simulated-liquidity-provider,momentum-bot,f406d105-6a26-47e7-9bf5-031950d09e2c,MARKET,TREND_DOWN,99.95,0.08,2026-04-30T18:34:15.661478+00:00
e8e5abc9-9d4d-4124-bca6-dc15773808f5,AAPL,99.56,3.0,simulated-liquidity-provider,momentum-bot,8c265e87-95f1-4a46-9eac-76f8070a857f,MARKET,TREND_DOWN,99.6,0.08,2026-04-30T18:34:16.657603+00:00
e75e412f-225f-42c9-b882-c58da383802c,AAPL,99.64,3.0,mean-reversion-bot,simulated-liquidity-provider,6bf030de-4ba6-48c8-ba5d-6455456d6f2d,MARKET,TREND_DOWN,99.6,0.08,2026-04-30T18:34:16.657973+00:00
c75ab6f1-a668-4907-a61f-1cf6cc05980f,AAPL,100.07,3.0,simulated-liquidity-provider,momentum-bot,9288b4a2-9cb3-4e4c-9d40-6b854126ca83,MARKET,TREND_UP,100.1,0.06,2026-04-30T18:34:17.663514+00:00
1caa4268-77ef-4bac-891f-07e25cbda18a,AAPL,100.22,3.0,momentum-bot,simulated-liquidity-provider,d6b8f898-47c4-4680-878a-4561cb1f6d88,MARKET,MEAN_REVERT,100.2,0.04,2026-04-30T18:34:18.670431+00:00
2d5c9278-fdee-4b87-b5a2-1b3df2ab5bd2,AAPL,100.52,3.0,simulated-liquidity-provider,mean-reversion-bot,96c595bf-e319-4083-869e-ef5cf1120588,MARKET,TREND_UP,100.55,0.06,2026-04-30T18:34:19.672541+00:00
39c732b3-4948-4e75-84ad-da3f7a6f8c44,AAPL,100.58,3.0,momentum-bot,simulated-liquidity-provider,f0159432-cde2-4200-ae30-5610edb037f4,MARKET,TREND_UP,100.55,0.06,2026-04-30T18:34:19.672956+00:00
97411dc8-50e2-41cf-8b3f-ae9cfe0082d4,AAPL,100.43,5.0,baseline-bot,simulated-liquidity-provider,12194281-ce29-44dd-8bf3-0d794177a04e,MARKET,MEAN_REVERT,100.4,0.06,2026-04-30T18:34:20.677666+00:00
6c78c525-2fea-4721-9b26-23b1a8946eb4,AAPL,100.43,3.0,momentum-bot,simulated-liquidity-provider,72a8de43-b882-4e20-ab1c-059f6e2aacbc,MARKET,MEAN_REVERT,100.4,0.06,2026-04-30T18:34:20.678105+00:00
cc3d6a3f-4553-46fa-a9f4-98adb7459564,AAPL,100.81,3.0,simulated-liquidity-provider,mean-reversion-bot,1d732031-2a3d-4975-8bc0-e2ea45834eda,MARKET,TREND_UP,100.85,0.08,2026-04-30T18:34:21.683960+00:00
44245a38-8ffc-4b2d-ad8b-5a6a8227499a,AAPL,100.89,3.0,momentum-bot,simulated-liquidity-provider,5c1562c1-8571-4ac8-ad4b-8e9097257fd4,MARKET,TREND_UP,100.85,0.08,2026-04-30T18:34:21.688366+00:00
a3a6db01-ee11-421e-9248-3c5572fef339,AAPL,101.23,3.0,momentum-bot,simulated-liquidity-provider,2075c87c-6219-4053-aa42-a38c4cdd59e5,MARKET,TREND_UP,101.2,0.06,2026-04-30T18:34:22.688671+00:00
29a780db-5963-47f9-8f5c-479210709d17,AAPL,101.17,3.0,simulated-liquidity-provider,mean-reversion-bot,6ecc0311-f3a6-4e97-a75c-e9469cd2c74b,MARKET,TREND_UP,101.2,0.06,2026-04-30T18:34:22.689127+00:00
98fdd4e3-e73a-489d-8e82-6b166fbb412a,AAPL,100.7,5.0,simulated-liquidity-provider,baseline-bot,5b3de8c0-b738-4d01-a1e7-c5f4c135e6ca,MARKET,TREND_DOWN,100.75,0.1,2026-04-30T18:34:23.695838+00:00
a5584133-fc40-4647-b098-0d6def39ac7a,AAPL,100.8,3.0,momentum-bot,simulated-liquidity-provider,3b801b25-a796-4ffb-8ae3-79fffafdec0f,MARKET,TREND_DOWN,100.75,0.1,2026-04-30T18:34:23.696398+00:00
0b3ec012-11f1-4daf-a44b-1ed10d827cdc,AAPL,100.34,3.0,mean-reversion-bot,simulated-liquidity-provider,41c6fe24-6f71-4700-bf6b-7a37fb642ff3,MARKET,TREND_DOWN,100.3,0.08,2026-04-30T18:34:24.701439+00:00
4ffdae79-29a1-4515-9509-af1a5e9c361d,AAPL,100.26,3.0,simulated-liquidity-provider,momentum-bot,e449fb04-1aa7-45e7-aa66-fdc5eaa5c61b,MARKET,TREND_DOWN,100.3,0.08,2026-04-30T18:34:24.701811+00:00
8ca70ff0-cb91-4d87-bcc3-1f54596b62c0,AAPL,100.26,1.0,simulated-liquidity-provider,baseline-bot,18d6cccb-abd7-41ad-9bf2-8de6ac627be7,MARKET,TREND_DOWN,100.3,0.08,2026-04-30T18:34:24.702166+00:00
6b615d1a-d4d5-4f4f-b2e9-27d586bda6fb,AAPL,99.92,3.0,simulated-liquidity-provider,momentum-bot,1fb9f6bc-c6fd-4125-b8aa-99b010987e0b,MARKET,TREND_DOWN,99.95,0.06,2026-04-30T18:34:25.706126+00:00
422f8928-9d4e-41ab-9370-8731bc7b43ce,AAPL,99.98,3.0,mean-reversion-bot,simulated-liquidity-provider,514b48fc-27f9-4bc7-94a0-7c4bd047e7af,MARKET,TREND_DOWN,99.95,0.06,2026-04-30T18:34:25.706533+00:00
a336d0ed-fa80-481c-ab85-1ee4d99a0f6d,AAPL,99.57,3.0,simulated-liquidity-provider,momentum-bot,e3a487c4-3117-4fbc-abd4-8e700351f94e,MARKET,TREND_DOWN,99.6,0.06,2026-04-30T18:34:26.701215+00:00
88e7b36c-66e7-4f35-859f-d75b2771c70f,AAPL,99.57,1.0,simulated-liquidity-provider,baseline-bot,ae895712-3914-43be-95d0-8d1f7dabab6e,MARKET,TREND_DOWN,99.6,0.06,2026-04-30T18:34:26.701423+00:00
2db48ab2-fd0e-4f39-851e-d48585f49253,AAPL,99.63,3.0,mean-reversion-bot,simulated-liquidity-provider,04eea9b3-69e0-463d-9de3-fffd274676b9,MARKET,TREND_DOWN,99.6,0.06,2026-04-30T18:34:26.701575+00:00
acfe27b1-78c3-4499-9c48-f8843a685624,AAPL,100.06,3.0,simulated-liquidity-provider,momentum-bot,a3123272-fd03-4d40-9177-1eaa09d80f99,MARKET,TREND_UP,100.1,0.08,2026-04-30T18:34:27.710791+00:00
b3134400-8070-4b1c-96d5-99bef3ebb1ed,AAPL,100.18,5.0,simulated-liquidity-provider,baseline-bot,49de1d6e-07ff-4e27-8329-4ad1f6dfd62d,MARKET,MEAN_REVERT,100.2,0.04,2026-04-30T18:34:28.714242+00:00
580ad9b3-6c6f-4390-bab8-3e9c38070227,AAPL,100.22,3.0,momentum-bot,simulated-liquidity-provider,80d044c6-4d3e-43d5-aa9c-1f2b2ac5c000,MARKET,MEAN_REVERT,100.2,0.04,2026-04-30T18:34:28.714650+00:00
1ec904ea-d86b-4546-bfae-d0a481858ad3,AAPL,100.58,3.0,momentum-bot,simulated-liquidity-provider,29e3790b-da7c-48c0-99cc-020189fe53f6,MARKET,TREND_UP,100.55,0.06,2026-04-30T18:34:29.719589+00:00
9d494d71-6daf-4b69-8e23-b7c7a61abf69,AAPL,100.52,3.0,simulated-liquidity-provider,mean-reversion-bot,d59c86b8-47cc-487a-abcf-1a3f35b12fcc,MARKET,TREND_UP,100.55,0.06,2026-04-30T18:34:29.719995+00:00
4ab34231-2111-480c-8367-e4eeb56ee6f1,AAPL,100.43,3.0,momentum-bot,simulated-liquidity-provider,34588541-2fd2-447f-8a62-b4a65e4883d7,MARKET,MEAN_REVERT,100.4,0.06,2026-04-30T18:34:30.723591+00:00
327b0d3b-c7b0-43e8-a633-0fd68fa151f1,AAPL,100.88,3.0,momentum-bot,simulated-liquidity-provider,3bfe6f5b-1d89-44a7-9b09-46f4b06f58a2,MARKET,TREND_UP,100.85,0.06,2026-04-30T18:34:31.726319+00:00
63e28b7b-2685-4421-b062-611051e13574,AAPL,100.82,3.0,simulated-liquidity-provider,mean-reversion-bot,14bde65a-6bc5-41be-b355-79e5f62fe007,MARKET,TREND_UP,100.85,0.06,2026-04-30T18:34:31.726750+00:00
c3be64e6-0890-4c19-8a76-e447745534e4,AAPL,101.23,3.0,momentum-bot,simulated-liquidity-provider,c405e22d-1857-4e24-a2f1-bf49b3ca95c5,MARKET,TREND_UP,101.2,0.06,2026-04-30T18:34:32.732661+00:00
2d0a9b7a-d2a2-4e72-b304-1dbc45e48005,AAPL,101.23,2.0,baseline-bot,simulated-liquidity-provider,f9519c42-cbd6-48ea-a226-dcbdfbc6b4c7,MARKET,TREND_UP,101.2,0.06,2026-04-30T18:34:32.733579+00:00
3e2911bf-b061-450a-a690-6f82445c580a,AAPL,101.17,3.0,simulated-liquidity-provider,mean-reversion-bot,c849360c-6cf4-4e50-94eb-d0d5104c4e62,MARKET,TREND_UP,101.2,0.06,2026-04-30T18:34:32.734080+00:00
ed85ec55-48bc-4fd1-852a-f48f08b726dd,AAPL,100.79,3.0,momentum-bot,simulated-liquidity-provider,dc043763-01ec-4ae5-8fb1-a82700562339,MARKET,TREND_DOWN,100.75,0.08,2026-04-30T18:34:33.738233+00:00
00ccd752-1cf0-4955-8ea6-a8afbedb6d21,AAPL,100.71,2.0,simulated-liquidity-provider,baseline-bot,6b3bc9c2-dc6c-400a-ba91-31d3903d7fd8,MARKET,TREND_DOWN,100.75,0.08,2026-04-30T18:34:33.738687+00:00
01e932fa-03f8-4607-9da7-1f123ea16b34,AAPL,100.33,3.0,mean-reversion-bot,simulated-liquidity-provider,36449905-5d14-48ab-9198-6878d8c072b2,MARKET,TREND_DOWN,100.3,0.06,2026-04-30T18:34:34.736842+00:00
e7b9c06d-a1f1-4f60-a59d-39400f4fb734,AAPL,100.27,3.0,simulated-liquidity-provider,momentum-bot,71fbd3b9-5e28-402f-a57f-4e5e24e78ff0,MARKET,TREND_DOWN,100.3,0.06,2026-04-30T18:34:34.737332+00:00
0e450282-d89d-4ad7-bdc3-ee6e7919f365,AAPL,99.91,3.0,simulated-liquidity-provider,momentum-bot,2996785c-838e-42ad-83bc-fdc3b37b2d30,MARKET,TREND_DOWN,99.95,0.08,2026-04-30T18:34:35.737213+00:00
c27d7ff8-de11-4eef-b5bc-a4f0ad55a82d,AAPL,99.99,3.0,mean-reversion-bot,simulated-liquidity-provider,add0b9d1-42fc-4cea-a32e-b461cf401474,MARKET,TREND_DOWN,99.95,0.08,2026-04-30T18:34:35.737333+00:00
1c75a1a6-d6dc-4aaa-8e29-c9e1a6ec27c4,AAPL,99.56,3.0,simulated-liquidity-provider,momentum-bot,3dc5c934-2852-47f6-b69f-edc1612a1944,MARKET,TREND_DOWN,99.6,0.08,2026-04-30T18:34:36.745911+00:00
07782912-cbbc-4e51-b012-cf05f96b2e9d,AAPL,99.64,3.0,mean-reversion-bot,simulated-liquidity-provider,498e3871-ef48-40cf-9a37-ce6152c58063,MARKET,TREND_DOWN,99.6,0.08,2026-04-30T18:34:36.746343+00:00
d4795604-43b2-4b3e-919e-b4ae3723d432,AAPL,100.06,3.0,simulated-liquidity-provider,momentum-bot,ad1a3420-9ee6-4f01-9c99-b22d45d439e9,MARKET,TREND_UP,100.1,0.08,2026-04-30T18:34:37.752199+00:00
0268c120-afef-427a-bb70-7d9e3b49bdc9,AAPL,100.06,2.0,simulated-liquidity-provider,baseline-bot,22152301-7812-48fe-97d1-c53ab60db054,MARKET,TREND_UP,100.1,0.08,2026-04-30T18:34:37.752635+00:00
b5c9b80d-61a7-4041-97c6-7892a88801b1,AAPL,100.22,3.0,momentum-bot,simulated-liquidity-provider,96fdaa98-4e49-45cb-9ab9-ec4a04b0f693,MARKET,MEAN_REVERT,100.2,0.04,2026-04-30T18:34:38.755100+00:00
a387adaa-d382-4fcd-a7a5-4acb742e19cd,AAPL,100.58,3.0,momentum-bot,simulated-liquidity-provider,44a74c8b-8016-4fb3-bfe4-f8f23b61abd7,MARKET,TREND_UP,100.55,0.06,2026-04-30T18:34:39.762194+00:00
4a025be2-882c-4a53-9ee8-ff0ac4b85278,AAPL,100.52,3.0,simulated-liquidity-provider,mean-reversion-bot,0fa90caa-b027-452c-99fc-47268b74d71e,MARKET,TREND_UP,100.55,0.06,2026-04-30T18:34:39.762604+00:00
4b1b37da-04e7-409f-9f5e-1186470415a4,AAPL,100.42,2.0,baseline-bot,simulated-liquidity-provider,2e32fac1-cf41-468d-8ffe-1910137fed33,MARKET,MEAN_REVERT,100.4,0.04,2026-04-30T18:34:40.767286+00:00
46cc6d4e-912c-4ef6-a8b8-fba22c38359a,AAPL,100.42,3.0,momentum-bot,simulated-liquidity-provider,0081716a-122d-4fc7-b483-fff35171ed4b,MARKET,MEAN_REVERT,100.4,0.04,2026-04-30T18:34:40.768026+00:00
212730aa-5d33-49c8-9bb2-de0654523909,AAPL,100.82,5.0,simulated-liquidity-provider,baseline-bot,5ef6628b-bebe-47b7-a8a3-35c9f7144cf2,MARKET,TREND_UP,100.85,0.06,2026-04-30T18:34:41.771760+00:00
61747c7d-eed8-4b2e-8b1f-45f4a042bd2f,AAPL,100.88,3.0,momentum-bot,simulated-liquidity-provider,610c35ff-41d2-4ee7-b880-b1929b8f285a,MARKET,TREND_UP,100.85,0.06,2026-04-30T18:34:41.772144+00:00
d3c6980c-fe93-4a78-8fd8-d170127ef83f,AAPL,100.82,3.0,simulated-liquidity-provider,mean-reversion-bot,d2bcaa65-5c65-4695-a425-891a34cfe413,MARKET,TREND_UP,100.85,0.06,2026-04-30T18:34:41.772439+00:00
b40e5952-490f-40c7-a1c5-aadbee017e5d,AAPL,101.23,1.0,baseline-bot,simulated-liquidity-provider,8a9328b8-b998-4895-81a9-7491dfd100b9,MARKET,TREND_UP,101.2,0.06,2026-04-30T18:34:42.773951+00:00
bdee5a1c-e009-49d2-80cf-daff64c3ba90,AAPL,101.17,3.0,simulated-liquidity-provider,mean-reversion-bot,dd135b89-c494-49ef-80cb-f5cedccb1185,MARKET,TREND_UP,101.2,0.06,2026-04-30T18:34:42.774337+00:00
a6c53419-eff6-49f5-bef0-c5dcab4c6481,AAPL,101.23,3.0,momentum-bot,simulated-liquidity-provider,918d1d80-684c-4008-b3d9-0201191ad841,MARKET,TREND_UP,101.2,0.06,2026-04-30T18:34:42.774618+00:00
b3c3e573-0b7d-402e-9922-41b493ccbf2b,AAPL,100.79,3.0,momentum-bot,simulated-liquidity-provider,b5da02a5-63c8-465e-86e3-18ba6117f2df,MARKET,TREND_DOWN,100.75,0.08,2026-04-30T18:34:43.779016+00:00
da4f322e-e167-4df7-ba52-f458d81d21a4,AAPL,100.26,3.0,simulated-liquidity-provider,momentum-bot,38eebae8-0e02-4819-98d3-c8119b77f3d6,MARKET,TREND_DOWN,100.3,0.08,2026-04-30T18:34:44.785663+00:00
abc88a5c-2bc7-459e-8c29-e0106f1577bd,AAPL,100.34,3.0,mean-reversion-bot,simulated-liquidity-provider,fdb1322a-6c78-44dc-b735-159b6b95b03e,MARKET,TREND_DOWN,100.3,0.08,2026-04-30T18:34:44.786062+00:00
34665868-d81b-4ec5-9fa0-ce3aaea391e3,AAPL,99.91,3.0,simulated-liquidity-provider,momentum-bot,6d5603ec-613e-47b0-b67e-4774ae319e9d,MARKET,TREND_DOWN,99.95,0.08,2026-04-30T18:34:45.791902+00:00
12740f06-5191-4532-b148-1b8a74080186,AAPL,99.99,3.0,mean-reversion-bot,simulated-liquidity-provider,ca4e1a55-0a2c-4d4f-9c4b-e6d8a3f3d490,MARKET,TREND_DOWN,99.95,0.08,2026-04-30T18:34:45.792321+00:00
89f194db-0f2d-4159-af16-06c48412069a,AAPL,99.57,3.0,simulated-liquidity-provider,momentum-bot,b700f079-c48f-4c9c-8d35-48b01bf1384a,MARKET,TREND_DOWN,99.6,0.06,2026-04-30T18:34:46.797140+00:00
e4dad593-bc68-42c3-9f83-7462a2d7963f,AAPL,99.63,3.0,mean-reversion-bot,simulated-liquidity-provider,759bb24d-4d8c-40bb-a3e1-c1d96d177b0b,MARKET,TREND_DOWN,99.6,0.06,2026-04-30T18:34:46.797592+00:00
ade550ee-8576-492a-bc01-985ffe84053b,AAPL,99.63,2.0,baseline-bot,simulated-liquidity-provider,88962206-4bd7-46b1-9f2a-e89d3b2d5f2d,MARKET,TREND_DOWN,99.6,0.06,2026-04-30T18:34:46.797928+00:00
e82b3532-901e-4504-8c7d-8854e6b12ce7,AAPL,100.06,3.0,simulated-liquidity-provider,momentum-bot,6942efea-93ba-46a9-98cd-7357b87005a7,MARKET,TREND_UP,100.1,0.08,2026-04-30T18:34:47.798999+00:00
c89157de-1ce0-4d08-9608-9ff8d7dc1e34,AAPL,100.23,3.0,momentum-bot,simulated-liquidity-provider,5ebb50bb-019b-46a0-8d5e-cdd28939eb7a,MARKET,MEAN_REVERT,100.2,0.06,2026-04-30T18:34:48.804346+00:00
d53d273f-ffde-425c-9dce-ac188e05042b,AAPL,100.59,3.0,momentum-bot,simulated-liquidity-provider,67686f08-db2d-4586-9f5d-0bd2a9987df4,MARKET,TREND_UP,100.55,0.08,2026-04-30T18:34:49.807854+00:00
c18f4086-7b44-4ed8-9d0f-a9f5d5017186,AAPL,100.51,3.0,simulated-liquidity-provider,mean-reversion-bot,dd7e4cdf-c4b5-4b66-a18d-f0b3d9db852b,MARKET,TREND_UP,100.55,0.08,2026-04-30T18:34:49.808281+00:00
1430b68d-32ca-4d14-9f7a-32d1b88d0d5f,AAPL,100.43,3.0,momentum-bot,simulated-liquidity-provider,2df77c31-0872-43e7-8e20-9032a5b20c55,MARKET,MEAN_REVERT,100.4,0.06,2026-04-30T18:34:50.812164+00:00
139a6c75-63c1-4baf-bc77-186454dbcfef,AAPL,100.43,2.0,baseline-bot,simulated-liquidity-provider,91e4f756-c4f7-446d-9384-b5caeb09839e,MARKET,MEAN_REVERT,100.4,0.06,2026-04-30T18:34:50.812529+00:00
d448f37d-b2be-4351-aa61-c63a9d6aa4a5,AAPL,100.82,3.0,simulated-liquidity-provider,mean-reversion-bot,b9c50cb0-d923-4248-a312-5d116551382a,MARKET,TREND_UP,100.85,0.06,2026-04-30T18:34:51.819622+00:00
0b6069e7-5207-42fc-b76e-fb598ffbbc42,AAPL,100.88,3.0,momentum-bot,simulated-liquidity-provider,6e32dce4-c031-4d21-863e-1c0f88d7e2d7,MARKET,TREND_UP,100.85,0.06,2026-04-30T18:34:51.820078+00:00
b61cf2e6-be2e-4a81-8ca2-92d66f9dca91,AAPL,100.88,2.0,baseline-bot,simulated-liquidity-provider,69dc64e6-760f-4e73-862b-2f2a9d491fc7,MARKET,TREND_UP,100.85,0.06,2026-04-30T18:34:51.820327+00:00
a287c6fc-4a9f-4d16-a15b-feb257f551a1,AAPL,101.23,3.0,momentum-bot,simulated-liquidity-provider,e7278cfe-efc0-4c63-8ae1-ddc5ed3d2853,MARKET,TREND_UP,101.2,0.06,2026-04-30T18:34:52.820888+00:00
640436ff-2458-4028-adff-b07fee845ab3,AAPL,101.17,3.0,simulated-liquidity-provider,mean-reversion-bot,cebbfd74-8c1e-4f16-a588-de0edbe752f6,MARKET,TREND_UP,101.2,0.06,2026-04-30T18:34:52.821298+00:00
e1be6403-7f54-4f01-977c-e61283004ca4,AAPL,100.79,3.0,momentum-bot,simulated-liquidity-provider,0c1cac85-56db-4540-afd9-eccf6aee83a7,MARKET,TREND_DOWN,100.75,0.08,2026-04-30T18:34:53.822275+00:00
50299655-450d-4368-88b6-9db3b262615f,AAPL,100.34,3.0,mean-reversion-bot,simulated-liquidity-provider,8aa0a4e7-a402-4315-b27d-5b120c1e3eb2,MARKET,TREND_DOWN,100.3,0.08,2026-04-30T18:34:54.824232+00:00
47cef011-902c-401e-a413-7bf174e70091,AAPL,100.26,3.0,simulated-liquidity-provider,momentum-bot,ae031308-ee06-4ab2-8e8c-5490de2e307d,MARKET,TREND_DOWN,100.3,0.08,2026-04-30T18:34:54.824632+00:00
03ce9e01-cde7-4ca9-b625-48e4e4c5f718,AAPL,100.26,1.0,simulated-liquidity-provider,baseline-bot,cd87e7ff-3090-4b31-a3f6-8d3d18a427d2,MARKET,TREND_DOWN,100.3,0.08,2026-04-30T18:34:54.824865+00:00
f4e9c026-2f79-4690-840d-4eea56a5c9c4,AAPL,99.98,3.0,mean-reversion-bot,simulated-liquidity-provider,2322c0a0-feb6-4f00-9b8b-9b708dd0d599,MARKET,TREND_DOWN,99.95,0.06,2026-04-30T18:34:55.830591+00:00
30afe92f-2bda-45d8-b86b-b2f931c308de,AAPL,99.92,3.0,simulated-liquidity-provider,momentum-bot,52424b8f-8e9a-4421-b4f4-823a633ae9a5,MARKET,TREND_DOWN,99.95,0.06,2026-04-30T18:34:55.831047+00:00
17e7e2c1-bda4-4f6c-afa4-a3f443de41a1,AAPL,99.57,5.0,simulated-liquidity-provider,baseline-bot,74f23f6e-e781-47e8-b794-f9872cf75f43,MARKET,TREND_DOWN,99.6,0.06,2026-04-30T18:34:56.836861+00:00
a095e735-d325-447c-9620-994c1b3ccfcb,AAPL,99.57,3.0,simulated-liquidity-provider,momentum-bot,03d4ef15-f844-448a-bacc-3dad4dbfa175,MARKET,TREND_DOWN,99.6,0.06,2026-04-30T18:34:56.837271+00:00
e08db85c-8060-4bd7-af7d-92d21fbb4458,AAPL,99.63,3.0,mean-reversion-bot,simulated-liquidity-provider,410898af-fafb-463d-ab5d-1100a442b488,MARKET,TREND_DOWN,99.6,0.06,2026-04-30T18:34:56.837500+00:00
2fa530f3-d619-47f7-9e47-4ad26cc0809e,AAPL,100.07,3.0,simulated-liquidity-provider,momentum-bot,06753717-115b-4c53-8124-503420da405d,MARKET,TREND_UP,100.1,0.06,2026-04-30T18:34:57.839139+00:00
21e6b5e2-99f0-4567-b491-052154075d04,AAPL,100.23,5.0,baseline-bot,simulated-liquidity-provider,9b3efaba-b705-4470-bdce-9a6be85ec623,MARKET,MEAN_REVERT,100.2,0.06,2026-04-30T18:34:58.846684+00:00
36f79028-a038-4f3e-bb98-5758ce09aa29,AAPL,100.23,3.0,momentum-bot,simulated-liquidity-provider,1e2947ba-0ee4-41e1-bb54-2e8ec641f44e,MARKET,MEAN_REVERT,100.2,0.06,2026-04-30T18:34:58.847113+00:00
431af24b-ae15-4357-91ea-7f878172f407,AAPL,100.58,3.0,momentum-bot,simulated-liquidity-provider,b69a9e7e-f620-4c4c-9419-258569d01ff5,MARKET,TREND_UP,100.55,0.06,2026-04-30T18:34:59.849897+00:00
2b1e62d2-9dc9-41b8-aa00-949213da9b06,AAPL,100.52,3.0,simulated-liquidity-provider,mean-reversion-bot,4be43437-25bb-4c7c-ada2-598e6c75c4c9,MARKET,TREND_UP,100.55,0.06,2026-04-30T18:34:59.850318+00:00
cd46585f-4ac8-4096-be81-abf54841efa9,AAPL,100.42,3.0,momentum-bot,simulated-liquidity-provider,bbd95edd-ce9a-4b54-aa8c-ebce4daddcd7,MARKET,MEAN_REVERT,100.4,0.04,2026-04-30T18:35:00.855421+00:00
62fc8578-44ac-4527-a791-f7e89001e40d,AAPL,100.82,3.0,simulated-liquidity-provider,mean-reversion-bot,03b4226f-adfa-4a36-96b1-68d141f89a4b,MARKET,TREND_UP,100.85,0.06,2026-04-30T18:35:01.860810+00:00
44cc209f-4d84-4e82-a88f-1641cd843b65,AAPL,100.88,1.0,baseline-bot,simulated-liquidity-provider,ce106457-9741-4b91-931c-f291d2cf4f4f,MARKET,TREND_UP,100.85,0.06,2026-04-30T18:35:01.861268+00:00
560561d2-f4d6-4e97-bfdc-c18b0eb6b472,AAPL,100.88,3.0,momentum-bot,simulated-liquidity-provider,cb5aa7a8-2789-40a0-957c-4575d0261eb3,MARKET,TREND_UP,100.85,0.06,2026-04-30T18:35:01.861590+00:00
f69750cb-8182-44c8-bf41-eba64f11dd84,AAPL,101.15,3.0,simulated-liquidity-provider,mean-reversion-bot,f8ba7d13-4690-4c85-a003-b1e4a82ba474,MARKET,TREND_UP,101.2,0.1,2026-04-30T18:35:02.863322+00:00
cbdaa57b-5c2b-4122-8e66-e37b90315c9e,AAPL,101.25,3.0,momentum-bot,simulated-liquidity-provider,9e703c6c-0767-42e8-8f5a-a7aa7840e193,MARKET,TREND_UP,101.2,0.1,2026-04-30T18:35:02.863876+00:00
b0d7952d-57ab-4063-a98f-8952a6882739,AAPL,100.78,3.0,momentum-bot,simulated-liquidity-provider,e42a8663-3862-4d0a-86a2-42b24bea344f,MARKET,TREND_DOWN,100.75,0.06,2026-04-30T18:35:03.869491+00:00
e8ece4e9-f72c-41c5-ab29-22e4e57ebe70,AAPL,100.27,3.0,simulated-liquidity-provider,momentum-bot,1dfc6e96-1a86-443c-93de-df115f161a98,MARKET,TREND_DOWN,100.3,0.06,2026-04-30T18:35:04.875830+00:00
089f4d88-69e2-4869-8c92-d5a85d1b22fc,AAPL,100.33,3.0,mean-reversion-bot,simulated-liquidity-provider,9308ff93-7263-4127-bc49-397ddb56f8f8,MARKET,TREND_DOWN,100.3,0.06,2026-04-30T18:35:04.876330+00:00
fccc2e6d-3aa0-4cc8-9251-de74eb126fcb,AAPL,100.33,5.0,baseline-bot,simulated-liquidity-provider,48a83f9a-2858-4777-951d-c98a30d14ecc,MARKET,TREND_DOWN,100.3,0.06,2026-04-30T18:35:04.876741+00:00
08e1ccc8-a6ba-4caf-96e2-7192461d940f,AAPL,100.0,3.0,mean-reversion-bot,simulated-liquidity-provider,d769e522-d886-4bcc-a98a-9356a3caa90c,MARKET,TREND_DOWN,99.95,0.1,2026-04-30T18:35:05.882700+00:00
7652db73-678c-40ed-ac95-d691638f9e79,AAPL,100.0,2.0,baseline-bot,simulated-liquidity-provider,0bbb2211-6a26-4cea-82f5-a338ae842599,MARKET,TREND_DOWN,99.95,0.1,2026-04-30T18:35:05.883107+00:00
2e4063a5-63d5-4b31-be4f-7d58cc1f05a9,AAPL,99.9,3.0,simulated-liquidity-provider,momentum-bot,8b5628b1-c9ad-4279-9b53-b79f5c357e65,MARKET,TREND_DOWN,99.95,0.1,2026-04-30T18:35:05.883538+00:00
bd9067f9-9dd3-4878-b75f-18d9ff8a272e,AAPL,99.63,3.0,mean-reversion-bot,simulated-liquidity-provider,9c92f0ba-8973-41c1-8c0f-9116de11f988,MARKET,TREND_DOWN,99.6,0.06,2026-04-30T18:35:06.888140+00:00
0ac06568-6770-4a00-8506-fd1ed980e6ff,AAPL,99.57,3.0,simulated-liquidity-provider,momentum-bot,858c13cf-7449-49d1-ae53-bb48edcdcf53,MARKET,TREND_DOWN,99.6,0.06,2026-04-30T18:35:06.888581+00:00
c59fa210-1035-4306-bccc-88c4e8fcbe49,AAPL,99.57,1.0,simulated-liquidity-provider,baseline-bot,46a3467c-6f04-4269-803b-568c0604e7ca,MARKET,TREND_DOWN,99.6,0.06,2026-04-30T18:35:06.888883+00:00
8944f9a9-742f-42f7-94b9-90c50574359c,AAPL,100.05,3.0,simulated-liquidity-provider,momentum-bot,f8a6b101-5f9c-41eb-af79-7df6c801179b,MARKET,TREND_UP,100.1,0.1,2026-04-30T18:35:07.889564+00:00
3ffb4b8c-21af-445a-8457-5666b9c094b5,AAPL,100.23,3.0,momentum-bot,simulated-liquidity-provider,1ee043a0-daf7-4f78-a146-cb4166c5807a,MARKET,MEAN_REVERT,100.2,0.06,2026-04-30T18:35:08.897905+00:00
ea155faa-fcd0-4c10-a11d-887c9347caee,AAPL,100.52,3.0,simulated-liquidity-provider,mean-reversion-bot,1dd15a30-2e54-4c04-b1e7-58fc283d4b8f,MARKET,TREND_UP,100.55,0.06,2026-04-30T18:35:09.899654+00:00
add4cf20-475e-4d0b-9671-b938324707b9,AAPL,100.58,3.0,momentum-bot,simulated-liquidity-provider,b29e4657-8f2a-4c3f-88e8-1494a7ef24d7,MARKET,TREND_UP,100.55,0.06,2026-04-30T18:35:09.900068+00:00
d39ac6a6-589e-4780-9a41-2bc7a4c61a8f,AAPL,100.52,1.0,simulated-liquidity-provider,baseline-bot,20dec2c9-8882-4cdd-afdc-1e1ede20a7a9,MARKET,TREND_UP,100.55,0.06,2026-04-30T18:35:09.900366+00:00
d053cbe7-1921-43fc-947b-dd15e05682bd,AAPL,100.42,3.0,momentum-bot,simulated-liquidity-provider,79d684bd-982c-4d0b-bf8c-6f3adc6dc041,MARKET,MEAN_REVERT,100.4,0.04,2026-04-30T18:35:10.902952+00:00
cdd3c27d-feb5-4656-ac34-0b1833c9a423,AAPL,100.81,3.0,simulated-liquidity-provider,mean-reversion-bot,d66bef23-d529-4d8e-90b5-0237637e3295,MARKET,TREND_UP,100.85,0.08,2026-04-30T18:35:11.902704+00:00
a835ce40-0562-4979-be0e-815118079865,AAPL,100.89,3.0,momentum-bot,simulated-liquidity-provider,6026dec3-b7bc-4f91-a07c-b01b270f5097,MARKET,TREND_UP,100.85,0.08,2026-04-30T18:35:11.903141+00:00
7450a78a-82d0-4b62-bce1-2dfa01c93dd9,AAPL,101.15,3.0,simulated-liquidity-provider,mean-reversion-bot,08cdb0ca-daf8-4ea2-a92a-c7c340650a31,MARKET,TREND_UP,101.2,0.1,2026-04-30T18:35:12.905088+00:00
5b83b196-fbce-4b15-aa66-0e2051a9c022,AAPL,101.25,3.0,momentum-bot,simulated-liquidity-provider,00e99c67-fee3-4f3f-b396-03cd78010e5c,MARKET,TREND_UP,101.2,0.1,2026-04-30T18:35:12.905500+00:00
9307179f-daf6-4760-b609-9a54a1b44175,AAPL,100.78,3.0,momentum-bot,simulated-liquidity-provider,a50bb99f-6c8b-4001-a5f1-55fc2a06c5ad,MARKET,TREND_DOWN,100.75,0.06,2026-04-30T18:35:13.906838+00:00
f5e84565-4d77-4cdf-bd1d-bc7e74badd46,AAPL,100.72,1.0,simulated-liquidity-provider,baseline-bot,bfc0a1f6-9f2d-4528-9e52-2b6fdc6fd293,MARKET,TREND_DOWN,100.75,0.06,2026-04-30T18:35:13.907243+00:00
8042dad8-c516-4ec1-975d-cbae8519c404,AAPL,100.25,3.0,simulated-liquidity-provider,momentum-bot,e72b0db1-1d91-4168-9ae1-eee143becb0c,MARKET,TREND_DOWN,100.3,0.1,2026-04-30T18:35:14.913512+00:00
e3820a6b-5846-49d5-b6df-6fe0d582e349,AAPL,100.35,3.0,mean-reversion-bot,simulated-liquidity-provider,8110e6e5-5cea-44b0-bcbe-8521de797cbf,MARKET,TREND_DOWN,100.3,0.1,2026-04-30T18:35:14.913926+00:00
a7eafc3e-726c-4a74-adc3-a4bf966859d5,AAPL,99.92,3.0,simulated-liquidity-provider,momentum-bot,417a7b6b-8e64-4d9a-aee9-fb0ebd020f82,MARKET,TREND_DOWN,99.95,0.06,2026-04-30T18:35:15.916428+00:00
cbc0cc34-807e-4743-bed8-d427a075b685,AAPL,99.98,3.0,mean-reversion-bot,simulated-liquidity-provider,aef35e10-0e7b-42b6-98bc-ac34b8bcfade,MARKET,TREND_DOWN,99.95,0.06,2026-04-30T18:35:15.916781+00:00
1097febe-e636-40cd-90d1-43a17cc166b8,AAPL,99.65,3.0,mean-reversion-bot,simulated-liquidity-provider,8f580ab5-a65f-4bbd-a733-647e0ee896ba,MARKET,TREND_DOWN,99.6,0.1,2026-04-30T18:35:16.918580+00:00
da7626dc-6595-4097-8daf-991e2942f5a5,AAPL,99.55,3.0,simulated-liquidity-provider,momentum-bot,82cd2395-8b53-48da-8155-5e7f0e346766,MARKET,TREND_DOWN,99.6,0.1,2026-04-30T18:35:16.919017+00:00
a41f8d5b-331f-4143-8157-15c2b8377a0a,AAPL,100.13,5.0,baseline-bot,simulated-liquidity-provider,d7af36d0-4fa3-477a-8b6f-da184b69dd04,MARKET,TREND_UP,100.1,0.06,2026-04-30T18:35:17.924393+00:00
cb32c3cf-d40a-4a0a-b659-9b0a577b18f2,AAPL,100.07,3.0,simulated-liquidity-provider,momentum-bot,63aaff6c-d56d-4761-ab72-9f3031a43562,MARKET,TREND_UP,100.1,0.06,2026-04-30T18:35:17.924889+00:00
8bb772ab-f8cb-4ad9-bfae-3399683e015e,AAPL,100.22,3.0,momentum-bot,simulated-liquidity-provider,2f10db76-b246-458c-9183-b52f9b8b4f54,MARKET,MEAN_REVERT,100.2,0.04,2026-04-30T18:35:18.927853+00:00
ef3d1202-099c-4f66-b763-310fc59e722e,AAPL,100.59,3.0,momentum-bot,simulated-liquidity-provider,d720478f-2f30-41c6-8b2c-dba7a3caeff8,MARKET,TREND_UP,100.55,0.08,2026-04-30T18:35:19.933763+00:00
4ae2cba7-a9a9-455f-8831-20c191eaf693,AAPL,100.51,3.0,simulated-liquidity-provider,mean-reversion-bot,ff6012a4-d733-40c8-8f9a-872ed3c843c4,MARKET,TREND_UP,100.55,0.08,2026-04-30T18:35:19.934185+00:00
cd20c832-afbe-44f5-a8ef-817472be4c0b,AAPL,100.42,2.0,baseline-bot,simulated-liquidity-provider,fca9ad32-3587-404d-a930-f8f982667184,MARKET,MEAN_REVERT,100.4,0.04,2026-04-30T18:35:20.938682+00:00
1bdb2680-b44e-467c-a502-b3c0d3f2eb66,AAPL,100.42,3.0,momentum-bot,simulated-liquidity-provider,e4a0f894-f0cd-40b9-935c-4ec04c55fb66,MARKET,MEAN_REVERT,100.4,0.04,2026-04-30T18:35:20.939114+00:00
51914020-bbe4-44b8-8322-f9641dde7728,AAPL,100.81,3.0,simulated-liquidity-provider,mean-reversion-bot,afa2cb5e-a94a-4862-abae-d707fb954167,MARKET,TREND_UP,100.85,0.08,2026-04-30T18:35:21.941125+00:00
fbbd4597-3ecb-41cc-84bc-168bff64117c,AAPL,100.89,3.0,momentum-bot,simulated-liquidity-provider,61c2e388-8e57-413b-b1c6-3be1ca9d10d3,MARKET,TREND_UP,100.85,0.08,2026-04-30T18:35:21.941514+00:00
4680df1b-ab41-4188-a90a-435402cb0fcf,AAPL,101.17,3.0,simulated-liquidity-provider,mean-reversion-bot,74ef2265-1154-426b-8300-16cff9bc98c5,MARKET,TREND_UP,101.2,0.06,2026-04-30T18:35:22.946773+00:00
211f9e13-6f67-4bf0-9b0f-b3c6438fa048,AAPL,101.23,3.0,momentum-bot,simulated-liquidity-provider,b73de482-7e6b-4c03-b45c-f7ae81c63cb7,MARKET,TREND_UP,101.2,0.06,2026-04-30T18:35:22.947274+00:00
7d22480f-9b29-4332-a2f8-4790566d0e27,AAPL,100.79,3.0,momentum-bot,simulated-liquidity-provider,c558af60-4327-444d-b510-a420a87313ec,MARKET,TREND_DOWN,100.75,0.08,2026-04-30T18:35:23.952757+00:00
68d225d9-3c90-4ccc-8af7-e500f59a5beb,AAPL,100.71,1.0,simulated-liquidity-provider,baseline-bot,70fba71a-5be3-43a2-abfd-d9335aae8b90,MARKET,TREND_DOWN,100.75,0.08,2026-04-30T18:35:23.953179+00:00
9b0ff092-bf85-4ff2-af4f-772929457d6b,AAPL,100.33,3.0,mean-reversion-bot,simulated-liquidity-provider,00651198-7c15-4e36-8d60-9f1d896e4f87,MARKET,TREND_DOWN,100.3,0.06,2026-04-30T18:35:24.955040+00:00
24669363-ce21-44ab-ae84-f300ea55959f,AAPL,100.27,3.0,simulated-liquidity-provider,momentum-bot,2c93f981-e92a-411f-acab-2ccd95143ca0,MARKET,TREND_DOWN,100.3,0.06,2026-04-30T18:35:24.955468+00:00
b1fc48f6-b95c-41e9-bb48-432021b1b6ec,AAPL,99.98,3.0,mean-reversion-bot,simulated-liquidity-provider,bac8ab62-8f65-4bef-8dcc-3d3129096f75,MARKET,TREND_DOWN,99.95,0.06,2026-04-30T18:35:25.961496+00:00
7236f676-3be1-499a-a5fc-4f88222f053a,AAPL,99.92,3.0,simulated-liquidity-provider,momentum-bot,6ddd8860-6eb6-4327-9d18-61c677a63ef3,MARKET,TREND_DOWN,99.95,0.06,2026-04-30T18:35:25.962316+00:00
f6681ba2-8c9f-4e77-b5e0-ebcb3468a35b,AAPL,99.64,3.0,mean-reversion-bot,simulated-liquidity-provider,57647042-9520-48da-ad36-8f03702bd19e,MARKET,TREND_DOWN,99.6,0.08,2026-04-30T18:35:26.969464+00:00
9a1ea9e0-be28-43fe-8887-dd7868d4b41b,AAPL,99.56,3.0,simulated-liquidity-provider,momentum-bot,cc55a5f7-f9d6-48d0-b571-581947adf733,MARKET,TREND_DOWN,99.6,0.08,2026-04-30T18:35:26.970031+00:00
5f85f378-8e64-427f-a471-315ac084176a,AAPL,100.06,3.0,simulated-liquidity-provider,momentum-bot,979c603a-e5c7-41b4-9e93-a87958dc2357,MARKET,TREND_UP,100.1,0.08,2026-04-30T18:35:27.974022+00:00
d189494c-ed25-40d8-a57b-03a18b238057,AAPL,100.23,1.0,baseline-bot,simulated-liquidity-provider,ec0f2023-d43d-4cf0-bd11-1b8a8e4c2853,MARKET,MEAN_REVERT,100.2,0.06,2026-04-30T18:35:28.980623+00:00
188d1d95-2357-49f8-9a01-2203e499dffc,AAPL,100.23,3.0,momentum-bot,simulated-liquidity-provider,d2f33c76-7371-43a5-aaf3-8dc1ff84141b,MARKET,MEAN_REVERT,100.2,0.06,2026-04-30T18:35:28.981049+00:00
14959d94-39bb-4f28-bf18-baed38f96a6e,AAPL,100.51,3.0,simulated-liquidity-provider,mean-reversion-bot,37ae50f9-8da7-4f24-8ae5-89796446caa1,MARKET,TREND_UP,100.55,0.08,2026-04-30T18:35:29.983115+00:00
c7bdd3ab-916d-4d88-a96b-c1f8381cc806,AAPL,100.59,3.0,momentum-bot,simulated-liquidity-provider,d3ea0da3-5776-4056-89f3-f1163d5717f8,MARKET,TREND_UP,100.55,0.08,2026-04-30T18:35:29.983692+00:00
fb0f70e3-f757-49be-b661-694af6634106,AAPL,100.43,3.0,momentum-bot,simulated-liquidity-provider,464f20de-b5c0-41c3-a78d-b6205b4956d8,MARKET,MEAN_REVERT,100.4,0.06,2026-04-30T18:35:30.987938+00:00
a631196b-caa2-4970-bf31-653c939e4b46,AAPL,100.82,3.0,simulated-liquidity-provider,mean-reversion-bot,032246ba-5c8c-4f66-aaeb-bb353e72d0ed,MARKET,TREND_UP,100.85,0.06,2026-04-30T18:35:31.989362+00:00
b6d450ce-3022-4ebb-8523-5c3e3759d0f2,AAPL,100.88,3.0,momentum-bot,simulated-liquidity-provider,84d39ea4-a4a4-4bf6-85d0-242ae5bddaf3,MARKET,TREND_UP,100.85,0.06,2026-04-30T18:35:31.989764+00:00
288077ee-1ef8-4a24-b029-8f530efe3eac,AAPL,101.15,3.0,simulated-liquidity-provider,mean-reversion-bot,b8d67dbe-2554-4829-8bbe-f8b10d73419a,MARKET,TREND_UP,101.2,0.1,2026-04-30T18:35:32.994077+00:00
8940905a-1766-46ca-8614-71c1f821f174,AAPL,101.25,3.0,momentum-bot,simulated-liquidity-provider,c2920c22-96d5-44ba-b858-af2423f5ddcf,MARKET,TREND_UP,101.2,0.1,2026-04-30T18:35:32.994522+00:00
8c74a987-1beb-4b5d-babe-c7da156f6de4,AAPL,101.25,5.0,baseline-bot,simulated-liquidity-provider,f24318c6-816f-46aa-83c6-149c77ba8a44,MARKET,TREND_UP,101.2,0.1,2026-04-30T18:35:32.994760+00:00
f19df2d7-0242-4454-b91e-c0459682aa58,AAPL,100.79,3.0,momentum-bot,simulated-liquidity-provider,8d10f504-53d7-43e0-ad4c-f179dbe24504,MARKET,TREND_DOWN,100.75,0.08,2026-04-30T18:35:33.997852+00:00
64f3215b-9115-43a7-a3c8-d38483cc9c71,AAPL,100.34,3.0,mean-reversion-bot,simulated-liquidity-provider,68388a06-cdf1-4cad-baf5-c9e4b25a449d,MARKET,TREND_DOWN,100.3,0.08,2026-04-30T18:35:35.003057+00:00
eee1e8ef-7bd5-4a76-9c11-afd0ef18b30a,AAPL,100.26,3.0,simulated-liquidity-provider,momentum-bot,753159b4-132f-49a3-be98-09c58ee3571b,MARKET,TREND_DOWN,100.3,0.08,2026-04-30T18:35:35.003488+00:00
291e2fb6-e4b8-4eec-a86e-3369fbb965b6,AAPL,99.99,3.0,mean-reversion-bot,simulated-liquidity-provider,053528c7-d917-4a50-beb0-66723a13cc01,MARKET,TREND_DOWN,99.95,0.08,2026-04-30T18:35:36.003125+00:00
9b9b5cb7-d896-420c-adb9-6214509295f2,AAPL,99.91,3.0,simulated-liquidity-provider,momentum-bot,d541a800-5d37-4498-89fd-0f3c1015b7c8,MARKET,TREND_DOWN,99.95,0.08,2026-04-30T18:35:36.003310+00:00
94bca91f-6dbc-40a3-b6da-afa736cdec82,AAPL,99.57,3.0,simulated-liquidity-provider,momentum-bot,02680486-c116-4958-9315-0b5a064a819c,MARKET,TREND_DOWN,99.6,0.06,2026-04-30T18:35:37.012942+00:00
d5a5581f-1f03-475a-a368-e21d7a7c38da,AAPL,99.63,3.0,mean-reversion-bot,simulated-liquidity-provider,08769fc8-689f-46de-bd59-47a56886c1f2,MARKET,TREND_DOWN,99.6,0.06,2026-04-30T18:35:37.013544+00:00
12bd017e-65af-480c-a768-a7a0954a464c,AAPL,100.06,3.0,simulated-liquidity-provider,momentum-bot,89f005da-6e6a-44fa-95f1-d38366807b12,MARKET,TREND_UP,100.1,0.08,2026-04-30T18:35:38.019212+00:00
36a1275a-ada2-4437-b6e6-bec252e47939,AAPL,100.06,1.0,simulated-liquidity-provider,baseline-bot,c5855015-931a-421c-9b0c-c4b3e04780b0,MARKET,TREND_UP,100.1,0.08,2026-04-30T18:35:38.019728+00:00
436a4d9b-c49d-4954-828e-ed3501515c5e,AAPL,100.22,3.0,momentum-bot,simulated-liquidity-provider,c985fa29-9a59-4449-bc8d-0c197f084f05,MARKET,MEAN_REVERT,100.2,0.04,2026-04-30T18:35:39.020378+00:00
86312405-2919-4fae-bb93-41e51ea47c54,AAPL,100.52,2.0,simulated-liquidity-provider,baseline-bot,8fb3139d-cacd-45fa-b751-b895303413cd,MARKET,TREND_UP,100.55,0.06,2026-04-30T18:35:40.029689+00:00
21e79d06-4a2c-4fc2-83d3-13d3ff224d84,AAPL,100.52,3.0,simulated-liquidity-provider,mean-reversion-bot,2c6fd122-cb2e-4b44-bf5a-4d264a8e6442,MARKET,TREND_UP,100.55,0.06,2026-04-30T18:35:40.030225+00:00
b50feb72-f4dd-4e0e-9921-098cc285c8f8,AAPL,100.58,3.0,momentum-bot,simulated-liquidity-provider,c9b408cf-c17a-4dcb-a6c8-e34144710704,MARKET,TREND_UP,100.55,0.06,2026-04-30T18:35:40.030533+00:00
223c3970-d404-4878-96e4-58a57fd43e50,AAPL,100.43,3.0,momentum-bot,simulated-liquidity-provider,76d13d31-5dc9-472e-b806-e484d02d6f26,MARKET,MEAN_REVERT,100.4,0.06,2026-04-30T18:35:41.036144+00:00
a2c6679b-e640-4f0c-b36c-01d7a8c9e1b3,AAPL,100.43,1.0,baseline-bot,simulated-liquidity-provider,f62d54fa-0f05-45c3-8435-a56adfb876b1,MARKET,MEAN_REVERT,100.4,0.06,2026-04-30T18:35:41.036589+00:00
8a835224-bf3d-4a29-b619-723509bdc21e,AAPL,100.82,3.0,simulated-liquidity-provider,mean-reversion-bot,b9b5418c-9556-481e-86ad-f45ff5d0e99e,MARKET,TREND_UP,100.85,0.06,2026-04-30T18:35:42.041526+00:00
