trade_id,symbol,price,quantity,buyer_bot_id,seller_bot_id,source_order_id,order_type,market_regime,mid_price,spread,timestamp
c05050d1-d2f8-4770-ab54-1c2205f199e8,AAPL,100.23,3.0,momentum-bot,simulated-liquidity-provider,65b99bf0-2950-4d9d-aa3e-3d00c9b4b786,MARKET,MEAN_REVERT,100.2,0.06,2026-04-30T19:00:44.242060+00:00
2268c53f-7a98-4300-be9c-2c4228ae7e76,AAPL,100.6,3.0,momentum-bot,simulated-liquidity-provider,d0111f8e-264f-445a-8bbb-365bb6244ad6,MARKET,TREND_UP,100.55,0.1,2026-04-30T19:00:45.249011+00:00
5b5925e1-2755-4669-aaaa-b43f2698f7f5,AAPL,100.5,1.0,simulated-liquidity-provider,baseline-bot,034337e2-be9a-4c6c-a336-64d23b4bfb1f,MARKET,TREND_UP,100.55,0.1,2026-04-30T19:00:45.249307+00:00
5c4316ac-9be5-4294-8f0e-04ba0b155a69,AAPL,100.5,3.0,simulated-liquidity-provider,mean-reversion-bot,6c586bb3-8c0a-43a3-9ebb-ad1a4f21cb58,MARKET,TREND_UP,100.55,0.1,2026-04-30T19:00:45.249526+00:00
5ef7968a-8471-4da1-a03e-bfdaf69a931c,AAPL,100.43,3.0,momentum-bot,simulated-liquidity-provider,734caa1a-7129-4875-a4ac-7cf85119a6f6,MARKET,MEAN_REVERT,100.4,0.06,2026-04-30T19:00:46.250960+00:00
627dac3e-c0ac-4dbc-96b0-5ad02735904b,AAPL,100.9,3.0,momentum-bot,simulated-liquidity-provider,2908a8ab-6ab6-4bda-91cc-2564cc1a6d40,MARKET,TREND_UP,100.85,0.1,2026-04-30T19:00:47.257867+00:00
e4e7a2e1-cf81-4a73-9600-407ec052f2a0,AAPL,100.8,3.0,simulated-liquidity-provider,mean-reversion-bot,b6cc03c8-59ea-4cfa-b996-db6f622b5c47,MARKET,TREND_UP,100.85,0.1,2026-04-30T19:00:47.258219+00:00
ec609a37-d68c-490f-9bdd-7113182991e0,AAPL,101.23,3.0,momentum-bot,simulated-liquidity-provider,c9c2ddcb-3002-4658-a9a9-ac26b5080024,MARKET,TREND_UP,101.2,0.06,2026-04-30T19:00:48.263776+00:00
74807cdd-e606-4e82-a489-a71550d8eeae,AAPL,101.17,3.0,simulated-liquidity-provider,mean-reversion-bot,eae27fd1-cb00-42d8-8a35-c3224ef4b1e4,MARKET,TREND_UP,101.2,0.06,2026-04-30T19:00:48.264233+00:00
a31b87ee-f236-4c65-be23-d453dfcc9339,AAPL,100.78,1.0,baseline-bot,simulated-liquidity-provider,3139a1b9-bf91-4090-9c4d-62d923d2764c,MARKET,TREND_DOWN,100.75,0.06,2026-04-30T19:00:49.269407+00:00
27f08252-a2e2-4696-893f-ae5be8f98936,AAPL,100.78,3.0,momentum-bot,simulated-liquidity-provider,cb389c2a-dcbb-490e-bb20-531f34cfe900,MARKET,TREND_DOWN,100.75,0.06,2026-04-30T19:00:49.269845+00:00
ac8249a0-5ecb-4c71-ac8c-59da5e817f14,AAPL,100.26,3.0,simulated-liquidity-provider,momentum-bot,e8253e01-09f0-4b42-bfb6-5a5fd50c7df7,MARKET,TREND_DOWN,100.3,0.08,2026-04-30T19:00:50.270085+00:00
7b5e8138-45f2-4047-b297-9d6e2ed8590a,AAPL,100.34,3.0,mean-reversion-bot,simulated-liquidity-provider,342cf275-e17b-4e41-aa83-44e0a64ab9c3,MARKET,TREND_DOWN,100.3,0.08,2026-04-30T19:00:50.270664+00:00
d4161496-32a3-466a-bbb4-7974f0df6fe0,AAPL,99.99,3.0,mean-reversion-bot,simulated-liquidity-provider,055b3606-edf4-413a-932d-4db006ef673d,MARKET,TREND_DOWN,99.95,0.08,2026-04-30T19:00:51.273998+00:00
5125b75c-e6bc-41bf-98b0-093698f77bda,AAPL,99.91,3.0,simulated-liquidity-provider,momentum-bot,c128d1bd-58ed-4268-9f1a-5bb4884cae37,MARKET,TREND_DOWN,99.95,0.08,2026-04-30T19:00:51.274500+00:00
79664762-8175-44b0-aca0-4425adb48097,AAPL,99.63,3.0,mean-reversion-bot,simulated-liquidity-provider,81dfb5e8-58ef-4071-85d8-8b9bd759978f,MARKET,TREND_DOWN,99.6,0.06,2026-04-30T19:00:52.279765+00:00
431d91ee-52ad-4a4d-ab3d-c891d9929dd1,AAPL,99.57,3.0,simulated-liquidity-provider,momentum-bot,f971db2e-59fd-4d4f-9dd9-6ad95d45fbb9,MARKET,TREND_DOWN,99.6,0.06,2026-04-30T19:00:52.280212+00:00
7dde7aeb-afb5-4d54-a5bf-62cb51c9bafb,AAPL,100.05,3.0,simulated-liquidity-provider,momentum-bot,d447eeb6-6d20-42a1-b811-7b5f3bca0871,MARKET,TREND_UP,100.1,0.1,2026-04-30T19:00:53.286138+00:00
860f8b70-3f5f-4cea-8675-d9b05b6eba68,AAPL,100.22,3.0,momentum-bot,simulated-liquidity-provider,cab75e78-ea39-44d0-b506-353f21e5c959,MARKET,MEAN_REVERT,100.2,0.04,2026-04-30T19:00:54.288506+00:00
9b772eab-0544-4bb7-a51b-b023276b066d,AAPL,100.51,3.0,simulated-liquidity-provider,mean-reversion-bot,f9f61f48-7c4b-4b82-8765-ef5272570565,MARKET,TREND_UP,100.55,0.08,2026-04-30T19:00:55.290566+00:00
2cf60ce3-b32f-44fa-9173-76f516dfd6ea,AAPL,100.51,2.0,simulated-liquidity-provider,baseline-bot,869b53b3-4ee3-4a82-969b-3cca67e67193,MARKET,TREND_UP,100.55,0.08,2026-04-30T19:00:55.290926+00:00
a3940f2e-c299-458f-99f8-06abb9ce11f9,AAPL,100.59,3.0,momentum-bot,simulated-liquidity-provider,a2dafcbc-3d05-4088-a04e-85e6f9141827,MARKET,TREND_UP,100.55,0.08,2026-04-30T19:00:55.291267+00:00
1a28c944-0923-45f1-9f85-3c82baf56f08,AAPL,100.43,3.0,momentum-bot,simulated-liquidity-provider,b5affcb9-afa7-4a98-8cc9-38a23bfbbb31,MARKET,MEAN_REVERT,100.4,0.06,2026-04-30T19:00:56.294392+00:00
d2443b68-8066-4fa3-b685-8fef4878ed34,AAPL,100.8,5.0,simulated-liquidity-provider,baseline-bot,b0469b90-7e71-4e5f-9419-e09c31335bea,MARKET,TREND_UP,100.85,0.1,2026-04-30T19:00:57.295679+00:00
a5a049b1-b613-4f8f-b60d-c3639d8a8bcb,AAPL,100.8,3.0,simulated-liquidity-provider,mean-reversion-bot,f5960b96-edb0-4911-9eb8-ffe9e769faf0,MARKET,TREND_UP,100.85,0.1,2026-04-30T19:00:57.296101+00:00
813c2cd7-93c9-4b12-a98d-48f55b5bc2c3,AAPL,100.9,3.0,momentum-bot,simulated-liquidity-provider,8118c943-bbe8-4eea-8e2c-0326e9524451,MARKET,TREND_UP,100.85,0.1,2026-04-30T19:00:57.296358+00:00
a7e59f0e-31ca-4914-8416-80a4d0a5e570,AAPL,101.25,3.0,momentum-bot,simulated-liquidity-provider,5e393ebd-ae15-4ed5-9ceb-9e962c24be47,MARKET,TREND_UP,101.2,0.1,2026-04-30T19:00:58.300823+00:00
8b794bb7-a2b3-4026-bf24-5a3610335829,AAPL,101.25,2.0,baseline-bot,simulated-liquidity-provider,ae49585c-2bc0-4fac-b56c-2179734fc746,MARKET,TREND_UP,101.2,0.1,2026-04-30T19:00:58.301260+00:00
e63abdf1-c004-4967-bd0f-70325fcd476d,AAPL,101.15,3.0,simulated-liquidity-provider,mean-reversion-bot,c02e569a-56b8-435f-983f-04bad4d01266,MARKET,TREND_UP,101.2,0.1,2026-04-30T19:00:58.301492+00:00
64f25e1f-1c4e-4986-834d-b83bb7c2012a,AAPL,100.78,3.0,momentum-bot,simulated-liquidity-provider,45f3ca30-6579-4cd8-bfb4-47cdc2b17241,MARKET,TREND_DOWN,100.75,0.06,2026-04-30T19:00:59.306240+00:00
2fef9c95-8525-45d3-9f63-f50ad02ce2e2,AAPL,100.72,1.0,simulated-liquidity-provider,baseline-bot,b7a839c5-433c-4b65-a001-d39b65e7b7ba,MARKET,TREND_DOWN,100.75,0.06,2026-04-30T19:00:59.307351+00:00
0bb679d9-47b7-4161-8a4d-c9a76dad117a,AAPL,100.26,3.0,simulated-liquidity-provider,momentum-bot,1b628795-2037-435d-a170-084493ff3597,MARKET,TREND_DOWN,100.3,0.08,2026-04-30T19:01:00.308062+00:00
9c74de83-e622-4bbb-a598-a6c49b39e109,AAPL,100.34,3.0,mean-reversion-bot,simulated-liquidity-provider,ca0f232e-7172-4fe5-8c8a-a14605ab94a4,MARKET,TREND_DOWN,100.3,0.08,2026-04-30T19:01:00.308481+00:00
8e1fa65e-2b1f-481a-a0cc-b18d48f9e49b,AAPL,99.92,3.0,simulated-liquidity-provider,momentum-bot,43c732b1-dcc7-44c3-a19d-1982411a1157,MARKET,TREND_DOWN,99.95,0.06,2026-04-30T19:01:01.314050+00:00
d524dabb-3de7-4b89-83c5-6e0665c2f104,AAPL,99.98,3.0,mean-reversion-bot,simulated-liquidity-provider,bfb5b459-a902-41db-be48-11984b4c013d,MARKET,TREND_DOWN,99.95,0.06,2026-04-30T19:01:01.314681+00:00
a5c34515-dc18-496b-b85d-05a955d9c603,AAPL,99.57,3.0,simulated-liquidity-provider,momentum-bot,87cf6b5f-809f-4752-b47b-8f3e43c181a9,MARKET,TREND_DOWN,99.6,0.06,2026-04-30T19:01:02.321648+00:00
584bbda1-8ced-49b7-a01a-f88a3377d923,AAPL,99.63,3.0,mean-reversion-bot,simulated-liquidity-provider,8d1c2db5-9f80-46c2-ba70-a5735d57c826,MARKET,TREND_DOWN,99.6,0.06,2026-04-30T19:01:02.322056+00:00
397e1ceb-945a-403b-bb99-977598ad0edc,AAPL,100.07,3.0,simulated-liquidity-provider,momentum-bot,6eaa736e-77a4-4e06-a7e7-b3c4597864e0,MARKET,TREND_UP,100.1,0.06,2026-04-30T19:01:03.324674+00:00
783b60b1-8489-48c4-bbc5-b55314592064,AAPL,100.23,3.0,momentum-bot,simulated-liquidity-provider,09f0447f-8383-4763-b637-ca44fa3e065b,MARKET,MEAN_REVERT,100.2,0.06,2026-04-30T19:01:04.331841+00:00
458314d6-33bc-4c9d-bc87-2d92d1d5044f,AAPL,100.52,3.0,simulated-liquidity-provider,mean-reversion-bot,3bb6ccf4-4dcb-487b-8c91-cdb0cf781b2a,MARKET,TREND_UP,100.55,0.06,2026-04-30T19:01:05.338380+00:00
bce2efc0-9a44-4218-8346-7e02af45dd87,AAPL,100.58,3.0,momentum-bot,simulated-liquidity-provider,8111d96b-daf2-42ff-96f2-bdd1d39e3008,MARKET,TREND_UP,100.55,0.06,2026-04-30T19:01:05.338865+00:00
eef8d272-9bce-4bcd-b5f1-065a6e2b57ce,AAPL,100.43,3.0,momentum-bot,simulated-liquidity-provider,629fe3c3-90b6-43f6-94de-bc989a9d37d3,MARKET,MEAN_REVERT,100.4,0.06,2026-04-30T19:01:06.344886+00:00
c8cfcbb8-232f-4b97-83c2-b97a20c26a55,AAPL,100.43,1.0,baseline-bot,simulated-liquidity-provider,41b9d6c6-3185-4be7-ad93-a068b5ae6a13,MARKET,MEAN_REVERT,100.4,0.06,2026-04-30T19:01:06.345289+00:00
8a66c6f1-6818-40ed-b6b6-d0fdacadadb5,AAPL,100.88,3.0,momentum-bot,simulated-liquidity-provider,fd767ee0-1bdb-49f7-8b0d-90a84008ac58,MARKET,TREND_UP,100.85,0.06,2026-04-30T19:01:07.351933+00:00
01e2da62-825f-467f-a2fd-eb64753ec596,AAPL,100.82,3.0,simulated-liquidity-provider,mean-reversion-bot,06de1149-8d50-4938-8289-4988a15c9a67,MARKET,TREND_UP,100.85,0.06,2026-04-30T19:01:07.352369+00:00
af5a8e10-fa1d-4ed8-be4e-94222d4ca042,AAPL,100.88,5.0,baseline-bot,simulated-liquidity-provider,89396e9d-4c83-4e54-90d9-00310a19c919,MARKET,TREND_UP,100.85,0.06,2026-04-30T19:01:07.352647+00:00
bb36560f-ca48-41ab-ad34-31f12bdfa958,AAPL,101.25,3.0,momentum-bot,simulated-liquidity-provider,7de42324-8cd0-4890-9347-e46681da8ead,MARKET,TREND_UP,101.2,0.1,2026-04-30T19:01:08.349123+00:00
63a474d8-fa7f-4e34-9b58-fbfacb9b0c3a,AAPL,101.15,3.0,simulated-liquidity-provider,mean-reversion-bot,7c1aad92-f79a-4ef1-9524-62b9dce0f63f,MARKET,TREND_UP,101.2,0.1,2026-04-30T19:01:08.349487+00:00
f017331a-7fbd-4363-ada5-b13c54e80d52,AAPL,101.15,1.0,simulated-liquidity-provider,baseline-bot,4f795404-9164-4c30-8b54-21cc286e643b,MARKET,TREND_UP,101.2,0.1,2026-04-30T19:01:08.349753+00:00
5e53810a-4c14-4755-bfc5-f4cff197fcfe,AAPL,100.79,3.0,momentum-bot,simulated-liquidity-provider,655a7d1b-5a46-483d-a6da-a66b72fee57a,MARKET,TREND_DOWN,100.75,0.08,2026-04-30T19:01:09.357505+00:00
c1c50e83-97ab-49f6-a918-6302bb7d6030,AAPL,100.71,5.0,simulated-liquidity-provider,baseline-bot,7b3550e5-2280-401f-bab4-352193a1b3b0,MARKET,TREND_DOWN,100.75,0.08,2026-04-30T19:01:09.357923+00:00
083c9fd3-46f5-4103-b38d-00c9dac4c483,AAPL,100.26,3.0,simulated-liquidity-provider,momentum-bot,6be41960-2782-4270-8c87-c569181eaff7,MARKET,TREND_DOWN,100.3,0.08,2026-04-30T19:01:10.361579+00:00
74dde3ff-286b-4b57-8966-fb3ffdd92371,AAPL,100.34,3.0,mean-reversion-bot,simulated-liquidity-provider,a9143da9-4a1b-44a4-be38-f7eb0e2dfe66,MARKET,TREND_DOWN,100.3,0.08,2026-04-30T19:01:10.362017+00:00
338b696e-0e10-480b-995c-eead7ef700bf,AAPL,99.92,3.0,simulated-liquidity-provider,momentum-bot,83f48e9f-6651-4443-b8f6-47b3f51dddb4,MARKET,TREND_DOWN,99.95,0.06,2026-04-30T19:01:11.368398+00:00
e57787cb-1ca4-46bc-8496-0208c0b52f5d,AAPL,99.98,3.0,mean-reversion-bot,simulated-liquidity-provider,6c0e355d-f99e-446a-ad49-2f8e00611d93,MARKET,TREND_DOWN,99.95,0.06,2026-04-30T19:01:11.368811+00:00
9e6a96df-a23f-4fa9-91c4-fa29f5a4d164,AAPL,99.55,3.0,simulated-liquidity-provider,momentum-bot,bba1179e-703b-427e-834a-d3392a5ba45f,MARKET,TREND_DOWN,99.6,0.1,2026-04-30T19:01:12.381511+00:00
35d0cb68-4d52-4b2d-a535-81cc462bc539,AAPL,99.65,3.0,mean-reversion-bot,simulated-liquidity-provider,350df052-8263-4a6c-93d6-6d34172e9c31,MARKET,TREND_DOWN,99.6,0.1,2026-04-30T19:01:12.381957+00:00
cc65e33f-7bdd-4693-8ef7-cedcc0557e60,AAPL,100.05,3.0,simulated-liquidity-provider,momentum-bot,a5b051b7-0b8b-4b7b-bb1b-8daa272934ee,MARKET,TREND_UP,100.1,0.1,2026-04-30T19:01:13.383059+00:00
5bfcb426-69b7-4dc6-bae7-27b9a0d2fa72,AAPL,100.05,5.0,simulated-liquidity-provider,baseline-bot,c1a4fe41-cc3d-43c5-a7dc-cc75ed9f9bba,MARKET,TREND_UP,100.1,0.1,2026-04-30T19:01:13.383396+00:00
3793d587-5f6b-4c9f-a8e7-e334f54f637f,AAPL,100.22,3.0,momentum-bot,simulated-liquidity-provider,5eaf4bf0-983f-4841-9038-03dce5ec376b,MARKET,MEAN_REVERT,100.2,0.04,2026-04-30T19:01:14.390486+00:00
ad17f01f-01fc-4738-80d6-6ca210100fe1,AAPL,100.52,3.0,simulated-liquidity-provider,mean-reversion-bot,d67e5457-593f-4635-8c02-80eec1953af4,MARKET,TREND_UP,100.55,0.06,2026-04-30T19:01:15.398154+00:00
1acf3718-fd81-4d9b-a2cd-1c925cdce9ca,AAPL,100.58,3.0,momentum-bot,simulated-liquidity-provider,f3a0f161-c014-41cc-91d8-fca7c4bc52a8,MARKET,TREND_UP,100.55,0.06,2026-04-30T19:01:15.398770+00:00
716dce3e-da9b-4662-b0d7-ffc0226b21c7,AAPL,100.52,5.0,simulated-liquidity-provider,baseline-bot,8bbc003f-c432-447a-b514-38a41c6f3024,MARKET,TREND_UP,100.55,0.06,2026-04-30T19:01:15.399028+00:00
49ba09ac-424b-456e-9520-3fa01600b634,AAPL,100.43,3.0,momentum-bot,simulated-liquidity-provider,97e120db-c2b4-4dae-9e4f-1a675c546d39,MARKET,MEAN_REVERT,100.4,0.06,2026-04-30T19:01:16.402542+00:00
e87b4787-ddc6-42dd-8f8b-54bac2c787f1,AAPL,100.43,5.0,baseline-bot,simulated-liquidity-provider,2c3ba772-9fd6-4c8d-970e-ed7cfbac10f1,MARKET,MEAN_REVERT,100.4,0.06,2026-04-30T19:01:16.402957+00:00
201aad45-e5dc-44aa-b9a5-3eae00ac7d7f,AAPL,100.89,3.0,momentum-bot,simulated-liquidity-provider,55158152-00b5-4834-b5bf-c81d52831b0e,MARKET,TREND_UP,100.85,0.08,2026-04-30T19:01:17.405793+00:00
96427632-5354-4ce3-803f-4074b9787285,AAPL,100.81,3.0,simulated-liquidity-provider,mean-reversion-bot,5d94ddaf-6ad5-4c8d-9a6d-eedb1d462daa,MARKET,TREND_UP,100.85,0.08,2026-04-30T19:01:17.406210+00:00
5e16526b-10b8-42dc-a3a9-e314d93a965b,AAPL,101.17,3.0,simulated-liquidity-provider,mean-reversion-bot,38f8b419-58ad-4817-a1a1-217d4bb1dc36,MARKET,TREND_UP,101.2,0.06,2026-04-30T19:01:18.404424+00:00
c6f04405-83f2-4dfc-a69c-c1b64b549c7b,AAPL,101.23,3.0,momentum-bot,simulated-liquidity-provider,c6eba755-47a4-4016-a5ea-20f7354c02c5,MARKET,TREND_UP,101.2,0.06,2026-04-30T19:01:18.404975+00:00
1645a27c-5e9d-44d8-a772-b45dbfe5f3ad,AAPL,100.78,3.0,momentum-bot,simulated-liquidity-provider,df0dfa52-0e8b-4f31-acb4-19aa87f69645,MARKET,TREND_DOWN,100.75,0.06,2026-04-30T19:01:19.409885+00:00
ee507bd7-99c7-4597-8088-6f0d40ff5893,AAPL,100.25,3.0,simulated-liquidity-provider,momentum-bot,7edeba64-9e0c-4d9f-916f-f4d144a049cc,MARKET,TREND_DOWN,100.3,0.1,2026-04-30T19:01:20.416697+00:00
a358c90c-4694-4acc-8548-d0e4add219a6,AAPL,100.35,3.0,mean-reversion-bot,simulated-liquidity-provider,3e5ee404-4167-402e-a9b2-3ce836cd3371,MARKET,TREND_DOWN,100.3,0.1,2026-04-30T19:01:20.417111+00:00
e1096ab6-c825-4683-bd0d-a8279c83ee56,AAPL,99.99,3.0,mean-reversion-bot,simulated-liquidity-provider,2c481712-c450-442a-b76e-d5e173dca643,MARKET,TREND_DOWN,99.95,0.08,2026-04-30T19:01:21.422409+00:00
8af79e84-a751-4e20-8760-a7b687abad34,AAPL,99.91,3.0,simulated-liquidity-provider,momentum-bot,b3a9d87a-48ff-446c-853c-1af15f89b39a,MARKET,TREND_DOWN,99.95,0.08,2026-04-30T19:01:21.422888+00:00
0bcd873e-d84d-4eeb-96db-13d315e344c0,AAPL,99.57,3.0,simulated-liquidity-provider,momentum-bot,41af11e0-8c5d-43fc-8303-7201e5eee4cd,MARKET,TREND_DOWN,99.6,0.06,2026-04-30T19:01:22.430198+00:00
2abec672-b80b-49cf-9a31-74d17fb71a57,AAPL,99.63,3.0,mean-reversion-bot,simulated-liquidity-provider,d08dd461-af54-4bc4-80f5-e690197f3b4b,MARKET,TREND_DOWN,99.6,0.06,2026-04-30T19:01:22.430776+00:00
49675424-25b4-4817-9be6-cb5af9c68a27,AAPL,100.05,3.0,simulated-liquidity-provider,momentum-bot,a3b657d3-7a58-4fe5-97a2-cb4c41faea17,MARKET,TREND_UP,100.1,0.1,2026-04-30T19:01:23.435590+00:00
20d1d421-1ed3-4626-a240-fe662f9737fd,AAPL,100.23,3.0,momentum-bot,simulated-liquidity-provider,d016457c-a065-4d77-86fa-34f36b04112d,MARKET,MEAN_REVERT,100.2,0.06,2026-04-30T19:01:24.440116+00:00
5e7e42df-4216-4457-83b8-9e4f331dbf5b,AAPL,100.51,3.0,simulated-liquidity-provider,mean-reversion-bot,ca7a0e44-020a-44bb-a2a4-0b9c7cd91da1,MARKET,TREND_UP,100.55,0.08,2026-04-30T19:01:25.444093+00:00
a06124b5-c883-42d9-b1d6-713f2dab3779,AAPL,100.59,5.0,baseline-bot,simulated-liquidity-provider,a830b22a-3953-4613-a68e-bb1c6e8c2a79,MARKET,TREND_UP,100.55,0.08,2026-04-30T19:01:25.444534+00:00
16f104f5-bd04-41b0-89de-b8062f0c87df,AAPL,100.59,3.0,momentum-bot,simulated-liquidity-provider,4b9ce26f-0782-43cc-a80a-9d17f9b51602,MARKET,TREND_UP,100.55,0.08,2026-04-30T19:01:25.444868+00:00
986e2248-0c4e-4bd6-b14d-3be9efd9deef,AAPL,100.42,3.0,momentum-bot,simulated-liquidity-provider,ecd6c099-a1cf-486e-a4fc-bebcd90152e2,MARKET,MEAN_REVERT,100.4,0.04,2026-04-30T19:01:26.447405+00:00
d76b712e-f1a6-4912-967d-aaeb80f1c680,AAPL,100.8,3.0,simulated-liquidity-provider,mean-reversion-bot,99b5db98-09b2-405d-9833-54fdc39782db,MARKET,TREND_UP,100.85,0.1,2026-04-30T19:01:27.453753+00:00
1ee65699-bdee-4b22-a5b7-b9ef0777bc36,AAPL,100.9,3.0,momentum-bot,simulated-liquidity-provider,cd932ad4-7bad-4ab8-8df7-758ce7b27b34,MARKET,TREND_UP,100.85,0.1,2026-04-30T19:01:27.454150+00:00
3502dc50-e932-48d6-ac39-c8fe111c66b6,AAPL,101.17,5.0,simulated-liquidity-provider,baseline-bot,2afa9f61-a5d0-40e5-82c6-62dcffb9a87d,MARKET,TREND_UP,101.2,0.06,2026-04-30T19:01:28.460040+00:00
16d0abd7-b681-4572-bf59-876087c7808f,AAPL,101.23,3.0,momentum-bot,simulated-liquidity-provider,02120908-8185-48f9-9dce-a9214bb98a50,MARKET,TREND_UP,101.2,0.06,2026-04-30T19:01:28.460460+00:00
d0f12664-d155-4ec3-a482-b04878e4a76a,AAPL,101.17,3.0,simulated-liquidity-provider,mean-reversion-bot,cc9617e7-8ebc-4209-8781-ff22e5930b7f,MARKET,TREND_UP,101.2,0.06,2026-04-30T19:01:28.460775+00:00
a28a45b9-39d7-4c52-ba2b-6058f89fe6b9,AAPL,100.78,3.0,momentum-bot,simulated-liquidity-provider,2ca20986-2680-434a-b5b2-148eceec3a61,MARKET,TREND_DOWN,100.75,0.06,2026-04-30T19:01:29.464874+00:00
c933b544-e8f8-437f-889d-ac9e5826b6f8,AAPL,100.72,5.0,simulated-liquidity-provider,baseline-bot,a7aa4936-8f89-435b-9d5b-bc9ced8abdc4,MARKET,TREND_DOWN,100.75,0.06,2026-04-30T19:01:29.465461+00:00
f6041802-365b-440d-88a2-044b664fcdbf,AAPL,100.34,3.0,mean-reversion-bot,simulated-liquidity-provider,a49f5edf-86ed-4b07-b06a-b1465ee033c6,MARKET,TREND_DOWN,100.3,0.08,2026-04-30T19:01:30.470936+00:00
6abef227-6b1d-4755-80fe-1c5251af5ca5,AAPL,100.26,3.0,simulated-liquidity-provider,momentum-bot,00235f38-5859-49cf-a8a8-b82def729a9c,MARKET,TREND_DOWN,100.3,0.08,2026-04-30T19:01:30.471356+00:00
7a54740a-fe3e-474a-9387-7195c9c0e2d5,AAPL,99.91,3.0,simulated-liquidity-provider,momentum-bot,6d891ba8-d880-4328-a45a-30573a6d1e6a,MARKET,TREND_DOWN,99.95,0.08,2026-04-30T19:01:31.475875+00:00
f5efa794-8dbc-4efb-a48e-43f90fabd26b,AAPL,99.99,3.0,mean-reversion-bot,simulated-liquidity-provider,65f911e5-37cb-4657-9248-7a4bfae65acd,MARKET,TREND_DOWN,99.95,0.08,2026-04-30T19:01:31.476331+00:00
bb634d5c-e156-4436-8b99-caabe74ad48c,AAPL,99.55,3.0,simulated-liquidity-provider,momentum-bot,1c8d353f-f602-42d9-8c63-09799bea220f,MARKET,TREND_DOWN,99.6,0.1,2026-04-30T19:01:32.480556+00:00
28cb4c7a-2c46-43f0-bc22-d627acf54f9f,AAPL,99.65,3.0,mean-reversion-bot,simulated-liquidity-provider,e1acfdd5-a7a4-4202-bedb-3f2f07f24969,MARKET,TREND_DOWN,99.6,0.1,2026-04-30T19:01:32.480994+00:00
772377f2-8a68-4476-b7cf-cde1283da178,AAPL,100.07,3.0,simulated-liquidity-provider,momentum-bot,9e28dd4e-5b76-4c53-a53e-901eec4aae45,MARKET,TREND_UP,100.1,0.06,2026-04-30T19:01:33.481042+00:00
96ee373c-fff7-4f21-9adc-51766b0b0911,AAPL,100.13,5.0,baseline-bot,simulated-liquidity-provider,6466a1fa-e10e-4a5b-b07a-b4254dc9dcec,MARKET,TREND_UP,100.1,0.06,2026-04-30T19:01:33.481151+00:00
6648ff64-5d10-48c9-b3fe-94ccea1c3e65,AAPL,100.23,3.0,momentum-bot,simulated-liquidity-provider,e32a248b-31ee-4ba6-ba25-3ac394f25684,MARKET,MEAN_REVERT,100.2,0.06,2026-04-30T19:01:34.489331+00:00
037c4baf-7acb-4b0b-b087-7e9d4252f407,AAPL,100.5,3.0,simulated-liquidity-provider,mean-reversion-bot,ffdd1e38-8465-4df4-a8d8-02c23b8b89b2,MARKET,TREND_UP,100.55,0.1,2026-04-30T19:01:35.494172+00:00
b2d835c2-afb4-4fd6-aec6-d9cf1242203d,AAPL,100.6,3.0,momentum-bot,simulated-liquidity-provider,ec296df3-ad20-4bb5-b2c7-614664f257d7,MARKET,TREND_UP,100.55,0.1,2026-04-30T19:01:35.494604+00:00
e7971458-5d32-4581-a6e2-b143779e8990,AAPL,100.42,3.0,momentum-bot,simulated-liquidity-provider,98cf12ae-7e31-4f0a-9481-7e15496f081c,MARKET,MEAN_REVERT,100.4,0.04,2026-04-30T19:01:36.500640+00:00
adc23841-6ee9-4524-be25-c7e882a5df9c,AAPL,100.88,3.0,momentum-bot,simulated-liquidity-provider,8eb4fe94-87b3-4be1-a064-ef2f222a17cd,MARKET,TREND_UP,100.85,0.06,2026-04-30T19:01:37.505426+00:00
88492879-2061-4422-8158-c4d18dc7b67f,AAPL,100.82,1.0,simulated-liquidity-provider,baseline-bot,c1deaf88-67f2-4f76-a2d7-a020c71adb7b,MARKET,TREND_UP,100.85,0.06,2026-04-30T19:01:37.505862+00:00
d09e6917-4a3c-4802-8d93-0d2b6f657726,AAPL,100.82,3.0,simulated-liquidity-provider,mean-reversion-bot,71d9143a-a746-4941-8147-5cd2b2d8fd37,MARKET,TREND_UP,100.85,0.06,2026-04-30T19:01:37.506163+00:00
8a0de434-46e2-4fbf-8b3a-ba1e13e68d50,AAPL,101.23,3.0,momentum-bot,simulated-liquidity-provider,3ea9263a-5788-4062-8436-9890d3683f2c,MARKET,TREND_UP,101.2,0.06,2026-04-30T19:01:38.510518+00:00
4b5d683f-3e9b-48d6-a463-f4643885bef1,AAPL,101.17,3.0,simulated-liquidity-provider,mean-reversion-bot,2ee5b641-6b97-42b2-9bc1-f6b257c46ae5,MARKET,TREND_UP,101.2,0.06,2026-04-30T19:01:38.511182+00:00
6113ad1e-375c-43cb-81ed-45d7a9d1c406,AAPL,100.78,3.0,momentum-bot,simulated-liquidity-provider,b6927839-0b75-4892-962a-4612a32db416,MARKET,TREND_DOWN,100.75,0.06,2026-04-30T19:01:39.517738+00:00
a1c9f799-0bdf-4583-8858-b42fd97ed09e,AAPL,100.72,1.0,simulated-liquidity-provider,baseline-bot,fedc731e-f0a6-45e0-9f20-0c9adb768b76,MARKET,TREND_DOWN,100.75,0.06,2026-04-30T19:01:39.518154+00:00
9cf96cc4-8f59-4519-9968-3e182de19b3b,AAPL,100.33,3.0,mean-reversion-bot,simulated-liquidity-provider,5405a58d-7452-456c-9972-bba482fd08b1,MARKET,TREND_DOWN,100.3,0.06,2026-04-30T19:01:40.521102+00:00
de60d7b0-1848-401a-8a9c-73a3f7c82c75,AAPL,100.27,3.0,simulated-liquidity-provider,momentum-bot,3ab85d15-d59a-4c6a-aa56-6eabb3acf45e,MARKET,TREND_DOWN,100.3,0.06,2026-04-30T19:01:40.521576+00:00
3b034c11-ce81-4a2f-981f-6be6aaa400fa,AAPL,99.92,3.0,simulated-liquidity-provider,momentum-bot,a4ccd20c-e4c5-4a01-bfbd-2d01569cfe1e,MARKET,TREND_DOWN,99.95,0.06,2026-04-30T19:01:41.529467+00:00
8d405607-7c9d-4b5f-89b8-7afa62f16aba,AAPL,99.98,3.0,mean-reversion-bot,simulated-liquidity-provider,e575f2fb-335e-4e2e-ac5c-6ebb1854d03e,MARKET,TREND_DOWN,99.95,0.06,2026-04-30T19:01:41.530036+00:00
e96ef030-83f2-410a-82ae-d6cac587358d,AAPL,99.92,5.0,simulated-liquidity-provider,baseline-bot,69b1c584-4a11-4854-9ab5-e6ab769d0d5c,MARKET,TREND_DOWN,99.95,0.06,2026-04-30T19:01:41.530397+00:00
38fd8718-6062-4494-a375-83584cf700f2,AAPL,99.63,3.0,mean-reversion-bot,simulated-liquidity-provider,79e61ee4-12b9-47ca-b92c-bff5e7a7d656,MARKET,TREND_DOWN,99.6,0.06,2026-04-30T19:01:42.530131+00:00
32ff22e6-6d01-4e50-9dce-11f58da33ff1,AAPL,99.57,3.0,simulated-liquidity-provider,momentum-bot,d8f45562-afe8-4bb5-9375-c5b1e6aed419,MARKET,TREND_DOWN,99.6,0.06,2026-04-30T19:01:42.530544+00:00
193c5c06-b0b8-4a09-ab5a-a2d3f27aed9c,AAPL,100.07,3.0,simulated-liquidity-provider,momentum-bot,a6f01100-7bf6-4e2e-93a9-52a24a6f82d4,MARKET,TREND_UP,100.1,0.06,2026-04-30T19:01:43.535137+00:00
0a546b59-90dd-47a6-be2c-b99e7097d3ef,AAPL,100.18,2.0,simulated-liquidity-provider,baseline-bot,e99b4b2c-3663-4f28-a70a-d297392f36c4,MARKET,MEAN_REVERT,100.2,0.04,2026-04-30T19:01:44.542421+00:00
302f1135-575c-4edb-bcf1-0da9a866a724,AAPL,100.22,3.0,momentum-bot,simulated-liquidity-provider,7f87c5ab-d98c-4994-8e05-5a0cd8b4fb3e,MARKET,MEAN_REVERT,100.2,0.04,2026-04-30T19:01:44.542833+00:00
b706ce42-fa7a-46da-95cb-0e784978e628,AAPL,100.59,2.0,baseline-bot,simulated-liquidity-provider,26baf7c4-4341-45f8-aecc-9ac36166ff8d,MARKET,TREND_UP,100.55,0.08,2026-04-30T19:01:45.549431+00:00
a4fe0748-ba1d-4acc-a6e8-3c49bd934b90,AAPL,100.59,3.0,momentum-bot,simulated-liquidity-provider,33328ca6-2d62-48f2-8a7c-7ac53b5cc8ad,MARKET,TREND_UP,100.55,0.08,2026-04-30T19:01:45.549856+00:00
a419a811-0676-4cdf-999c-b56c5d7515a0,AAPL,100.51,3.0,simulated-liquidity-provider,mean-reversion-bot,774ba9dd-ef19-45f6-aaff-8933522bcdbe,MARKET,TREND_UP,100.55,0.08,2026-04-30T19:01:45.550207+00:00
e55b927f-0f2d-4805-9ade-de035a85bca7,AAPL,100.37,2.0,simulated-liquidity-provider,baseline-bot,bb5f2163-3fa5-43a7-8c5d-fe5e32926a95,MARKET,MEAN_REVERT,100.4,0.06,2026-04-30T19:01:46.555046+00:00
61a90a9e-8eee-4ed2-9590-bf94c435c402,AAPL,100.43,3.0,momentum-bot,simulated-liquidity-provider,5440388a-1ec6-47d1-98bf-d5532bc6c9f2,MARKET,MEAN_REVERT,100.4,0.06,2026-04-30T19:01:46.555717+00:00
063c49fc-e067-44bb-9247-544dae542f23,AAPL,100.88,3.0,momentum-bot,simulated-liquidity-provider,9d87ce81-ba56-470e-b4b2-829a3d233a58,MARKET,TREND_UP,100.85,0.06,2026-04-30T19:01:47.558987+00:00
adc3b183-d2b4-486f-b447-b08b60fbc5ad,AAPL,100.82,3.0,simulated-liquidity-provider,mean-reversion-bot,f8a45537-1152-4b3d-9e6c-7789609f0f59,MARKET,TREND_UP,100.85,0.06,2026-04-30T19:01:47.559412+00:00
5a7d3627-a9ca-4d21-9af7-b7fe9c61796c,AAPL,101.24,5.0,baseline-bot,simulated-liquidity-provider,54c730b1-bcbd-47c2-b809-eaaa05c1da07,MARKET,TREND_UP,101.2,0.08,2026-04-30T19:01:48.565997+00:00
dda99d8c-0a7a-4663-b95f-8e5a500a2ab5,AAPL,101.16,3.0,simulated-liquidity-provider,mean-reversion-bot,586c1f02-309a-431a-9a09-eaa87fdc8c91,MARKET,TREND_UP,101.2,0.08,2026-04-30T19:01:48.566380+00:00
4bdc832c-b42f-48ff-83e5-fc888ebf698b,AAPL,101.24,3.0,momentum-bot,simulated-liquidity-provider,0ad9ef2a-2dbc-4d30-9f6c-9f175e2f349c,MARKET,TREND_UP,101.2,0.08,2026-04-30T19:01:48.566651+00:00
f6e78674-5af6-4cdd-9af7-ffe4680da040,AAPL,100.79,3.0,momentum-bot,simulated-liquidity-provider,e2b33353-fc7e-4e14-81f1-de304bcbdbd4,MARKET,TREND_DOWN,100.75,0.08,2026-04-30T19:01:49.567756+00:00
a12b61e8-fa68-45a0-b06e-0f9fac6f8e32,AAPL,100.26,3.0,simulated-liquidity-provider,momentum-bot,138572e0-b0ef-4560-8f6f-3cf81c095849,MARKET,TREND_DOWN,100.3,0.08,2026-04-30T19:01:50.573868+00:00
64e7f6fc-57df-4319-bfdb-a36e433dc557,AAPL,100.34,3.0,mean-reversion-bot,simulated-liquidity-provider,e34bee84-31db-4e38-8ab0-a16ad95a15d4,MARKET,TREND_DOWN,100.3,0.08,2026-04-30T19:01:50.574309+00:00
74ea7ce1-0c92-4cec-ad57-1bbb0b040e88,AAPL,99.9,3.0,simulated-liquidity-provider,momentum-bot,4d5c6a55-dfa1-429b-b01c-8682f2618bb0,MARKET,TREND_DOWN,99.95,0.1,2026-04-30T19:01:51.579489+00:00
5eaea3ee-f21e-46be-8816-ae2645d6cbf5,AAPL,100.0,3.0,mean-reversion-bot,simulated-liquidity-provider,3afbb51a-1451-41bc-a53b-30817601a98f,MARKET,TREND_DOWN,99.95,0.1,2026-04-30T19:01:51.579903+00:00
13a6c3db-e93c-45d2-90e5-fcfa35e5d2ec,AAPL,99.65,3.0,mean-reversion-bot,simulated-liquidity-provider,75abd288-0621-45af-b90b-d3b6c607a9f9,MARKET,TREND_DOWN,99.6,0.1,2026-04-30T19:01:52.585848+00:00
90970d54-9fdb-4b9f-a18f-5f11c6a822a7,AAPL,99.55,3.0,simulated-liquidity-provider,momentum-bot,d47f03b7-9969-49de-b34b-bd0db65fed42,MARKET,TREND_DOWN,99.6,0.1,2026-04-30T19:01:52.586270+00:00
e3885b7b-1497-4f89-bae8-2cd40255bdbf,AAPL,100.06,3.0,simulated-liquidity-provider,momentum-bot,c4ef9df3-cbea-4065-9bf2-2dae9eaa5943,MARKET,TREND_UP,100.1,0.08,2026-04-30T19:01:53.592974+00:00
c7d8fbec-319f-4930-b442-064fd3653000,AAPL,100.23,5.0,baseline-bot,simulated-liquidity-provider,896b70bc-09f8-4c19-a61c-e26ef419dbbe,MARKET,MEAN_REVERT,100.2,0.06,2026-04-30T19:01:54.599546+00:00
82b73cb5-29eb-4aef-988c-6b2668b57495,AAPL,100.23,3.0,momentum-bot,simulated-liquidity-provider,2e368ae1-495f-4a5c-a673-bb0b538fcd48,MARKET,MEAN_REVERT,100.2,0.06,2026-04-30T19:01:54.599964+00:00
65ee2ba5-7c74-4ce0-99f5-e84049f4ea76,AAPL,100.58,3.0,momentum-bot,simulated-liquidity-provider,37f2a021-4440-472d-b6d4-810518882dfd,MARKET,TREND_UP,100.55,0.06,2026-04-30T19:01:55.604469+00:00
51a477f8-512e-4b72-838a-9a9319e50bac,AAPL,100.52,3.0,simulated-liquidity-provider,mean-reversion-bot,2194c07f-1bba-48f8-9034-2d7b5de7bbfd,MARKET,TREND_UP,100.55,0.06,2026-04-30T19:01:55.604896+00:00
45c9e1a6-142b-47f5-ae88-babdd82ce76c,AAPL,100.42,3.0,momentum-bot,simulated-liquidity-provider,60c03234-e752-47bc-b713-483cab90cb0f,MARKET,MEAN_REVERT,100.4,0.04,2026-04-30T19:01:56.605179+00:00
694bdd73-fd72-4183-bf0f-a3a4921973eb,AAPL,100.42,2.0,baseline-bot,simulated-liquidity-provider,b150db14-9621-4122-b3d0-00cb0fa353d1,MARKET,MEAN_REVERT,100.4,0.04,2026-04-30T19:01:56.605560+00:00
55b2122f-741d-41da-91e2-fb753d4d395a,AAPL,100.9,3.0,momentum-bot,simulated-liquidity-provider,06555579-0a8c-4b31-a010-d0bbbe53019a,MARKET,TREND_UP,100.85,0.1,2026-04-30T19:01:57.609536+00:00
38b20f1f-d5fc-4498-8af8-496c63f1d185,AAPL,100.8,3.0,simulated-liquidity-provider,mean-reversion-bot,c85b2c03-2755-4bc8-8fc0-de8acf069274,MARKET,TREND_UP,100.85,0.1,2026-04-30T19:01:57.610013+00:00
d49caded-51ee-4fc7-855c-08e8e48a7485,AAPL,100.8,2.0,simulated-liquidity-provider,baseline-bot,9964c24f-d609-44e6-904c-534709c3252e,MARKET,TREND_UP,100.85,0.1,2026-04-30T19:01:57.610262+00:00
2b9a6010-9e07-42fe-b36c-89b199f67374,AAPL,101.16,3.0,simulated-liquidity-provider,mean-reversion-bot,cd522961-d74d-45d9-af04-7de6d0484928,MARKET,TREND_UP,101.2,0.08,2026-04-30T19:01:58.612447+00:00
d7307aac-a3ba-4cb3-a6a8-7f207e4bfb76,AAPL,101.24,3.0,momentum-bot,simulated-liquidity-provider,29202170-90bf-45cf-a5e5-3588a4b91422,MARKET,TREND_UP,101.2,0.08,2026-04-30T19:01:58.613062+00:00
90900962-f16c-48b8-bb6a-d3c6295f16bf,AAPL,101.24,2.0,baseline-bot,simulated-liquidity-provider,3816e5ed-0868-4579-bdb7-dd7848b78dda,MARKET,TREND_UP,101.2,0.08,2026-04-30T19:01:58.613810+00:00
88fd9cd0-d901-4fe3-8771-a5f02e258361,AAPL,100.78,3.0,momentum-bot,simulated-liquidity-provider,cf319300-f7f2-497e-891b-ea6416bb0af8,MARKET,TREND_DOWN,100.75,0.06,2026-04-30T19:01:59.612668+00:00
3f062ff6-80bb-4d8a-b41f-06ce385c9442,AAPL,100.72,2.0,simulated-liquidity-provider,baseline-bot,bd7fb1c8-3df0-4ee0-9725-3780eb3291e8,MARKET,TREND_DOWN,100.75,0.06,2026-04-30T19:01:59.613160+00:00
5370748e-e7a8-404e-9ccf-776ab99024c1,AAPL,100.34,3.0,mean-reversion-bot,simulated-liquidity-provider,c30b6124-c24c-49e5-ae64-afadcddc4f08,MARKET,TREND_DOWN,100.3,0.08,2026-04-30T19:02:00.621810+00:00
9f5e9416-b57d-41c3-94aa-49322878aa22,AAPL,100.26,3.0,simulated-liquidity-provider,momentum-bot,db2c7df3-3b0d-4d9f-a40a-f24f7e013508,MARKET,TREND_DOWN,100.3,0.08,2026-04-30T19:02:00.622218+00:00
289708fe-fdc2-4317-94db-dad36f178898,AAPL,99.9,3.0,simulated-liquidity-provider,momentum-bot,39fa66d1-c9d8-4511-9730-3a726c371ca6,MARKET,TREND_DOWN,99.95,0.1,2026-04-30T19:02:01.627739+00:00
d99bb6e6-c2ec-4334-b09a-eaad80dc346d,AAPL,99.9,2.0,simulated-liquidity-provider,baseline-bot,3539adf7-28a4-4729-b8a8-dd146cd20da3,MARKET,TREND_DOWN,99.95,0.1,2026-04-30T19:02:01.628233+00:00
854a33e3-d281-42e4-a724-4dd3a6c1e609,AAPL,100.0,3.0,mean-reversion-bot,simulated-liquidity-provider,bc35860e-b670-4efd-b274-bae9ef80d05a,MARKET,TREND_DOWN,99.95,0.1,2026-04-30T19:02:01.628737+00:00
b65430e6-e53f-4327-ad82-b49e332f93f5,AAPL,99.64,3.0,mean-reversion-bot,simulated-liquidity-provider,249b656d-2d6e-4d59-b699-6a42f2e224b1,MARKET,TREND_DOWN,99.6,0.08,2026-04-30T19:02:02.634568+00:00
f9d29086-c799-4c85-a931-f7be90bd6782,AAPL,99.64,5.0,baseline-bot,simulated-liquidity-provider,b3dfb58f-019a-4271-8e1d-2fe363fc0da0,MARKET,TREND_DOWN,99.6,0.08,2026-04-30T19:02:02.635084+00:00
aa889f29-2506-43cc-bda7-f970014a43d1,AAPL,99.56,3.0,simulated-liquidity-provider,momentum-bot,d84e99c5-1380-4e46-86ef-348ef777624f,MARKET,TREND_DOWN,99.6,0.08,2026-04-30T19:02:02.636594+00:00
0991376f-b5f2-4787-ab11-f0ffe4047f6a,AAPL,100.06,3.0,simulated-liquidity-provider,momentum-bot,a578d5af-ee03-41b3-8c9e-5ce4446f0851,MARKET,TREND_UP,100.1,0.08,2026-04-30T19:02:03.641314+00:00
239a4c71-f7d0-4e4e-bc39-c7be86c1d40e,AAPL,100.23,1.0,baseline-bot,simulated-liquidity-provider,a12e4eaf-bb34-466f-b329-182e2e22a580,MARKET,MEAN_REVERT,100.2,0.06,2026-04-30T19:02:04.643246+00:00
c975d951-cee8-4906-af16-7efaa864f637,AAPL,100.23,3.0,momentum-bot,simulated-liquidity-provider,202caafe-4b1d-45c3-8110-44d9b6b9154b,MARKET,MEAN_REVERT,100.2,0.06,2026-04-30T19:02:04.643656+00:00
e82c344e-1f1d-47e0-83e0-1c8338825831,AAPL,100.51,3.0,simulated-liquidity-provider,mean-reversion-bot,5b39b6be-094e-4d79-88dd-7e7bb76c6f93,MARKET,TREND_UP,100.55,0.08,2026-04-30T19:02:05.649885+00:00
ec48f1aa-1a01-46f6-9eeb-f4d74992f2c3,AAPL,100.59,3.0,momentum-bot,simulated-liquidity-provider,500fd881-8b9d-465c-9d7f-bf202c9b8f79,MARKET,TREND_UP,100.55,0.08,2026-04-30T19:02:05.650308+00:00
b6238e52-64dd-4b13-b5a0-b48561f81f0b,AAPL,100.43,3.0,momentum-bot,simulated-liquidity-provider,c54b865e-ebf5-4176-bc4b-9e0c8c3e353f,MARKET,MEAN_REVERT,100.4,0.06,2026-04-30T19:02:06.651149+00:00
ced263eb-8331-42da-9881-862efd2aabfa,AAPL,100.89,3.0,momentum-bot,simulated-liquidity-provider,eac93366-4ec9-4ff7-bbb1-4e38f12972e8,MARKET,TREND_UP,100.85,0.08,2026-04-30T19:02:07.653965+00:00
f38b205a-39f6-4e23-acc3-1a02d8cfd4f9,AAPL,100.81,3.0,simulated-liquidity-provider,mean-reversion-bot,df46c7d2-2bdb-4ad8-bb97-f405ccb8ae20,MARKET,TREND_UP,100.85,0.08,2026-04-30T19:02:07.654406+00:00
7075c11b-ac7e-4282-b6a1-554cd921860d,AAPL,100.81,5.0,simulated-liquidity-provider,baseline-bot,a3cb862e-405f-41cb-9f66-7a52e48c4b63,MARKET,TREND_UP,100.85,0.08,2026-04-30T19:02:07.654764+00:00
2e9551b6-f880-4bc0-9e46-66ec28253847,AAPL,101.24,2.0,baseline-bot,simulated-liquidity-provider,3c88dded-ae9d-42c7-a094-55d26e2cd71d,MARKET,TREND_UP,101.2,0.08,2026-04-30T19:02:08.659891+00:00
b27cd9b2-5da0-4a29-a581-02908d987c0c,AAPL,101.24,3.0,momentum-bot,simulated-liquidity-provider,00bf029b-c55b-450e-b34a-9ed26cf80e11,MARKET,TREND_UP,101.2,0.08,2026-04-30T19:02:08.660314+00:00
52520bdf-3f57-4024-b90c-a042134d260a,AAPL,101.16,3.0,simulated-liquidity-provider,mean-reversion-bot,e62f9b0e-8758-4bac-8b46-7e28607dcf41,MARKET,TREND_UP,101.2,0.08,2026-04-30T19:02:08.660574+00:00
a6ff8e6a-5b06-4971-bc9a-7de077bf4980,AAPL,100.78,3.0,momentum-bot,simulated-liquidity-provider,a77fee07-8c06-4fa5-9787-113b9a797577,MARKET,TREND_DOWN,100.75,0.06,2026-04-30T19:02:09.665403+00:00
aa6b9a07-3149-4560-a5a2-703a9b759f6e,AAPL,100.27,3.0,simulated-liquidity-provider,momentum-bot,4e4c29ea-5d5c-42ac-ba8d-5295b98c2f53,MARKET,TREND_DOWN,100.3,0.06,2026-04-30T19:02:10.670622+00:00
ffb6cfc8-6ddf-413a-9d53-34ed3b693687,AAPL,100.33,5.0,baseline-bot,simulated-liquidity-provider,9c73fc6f-b9db-4f69-bfd7-befcdefa5a16,MARKET,TREND_DOWN,100.3,0.06,2026-04-30T19:02:10.671049+00:00
b54af62a-9eeb-4355-8860-329c62527593,AAPL,100.33,3.0,mean-reversion-bot,simulated-liquidity-provider,df4e957f-d0bc-45a6-97fb-f72338f31489,MARKET,TREND_DOWN,100.3,0.06,2026-04-30T19:02:10.671325+00:00
2ec9b7eb-23c0-405f-a09f-6a628d583428,AAPL,99.99,2.0,baseline-bot,simulated-liquidity-provider,db5b0d8f-0516-460e-8b2d-20de68f4bcdc,MARKET,TREND_DOWN,99.95,0.08,2026-04-30T19:02:11.676061+00:00
bf966c51-66b5-4a78-8006-0dca03da6c5e,AAPL,99.99,3.0,mean-reversion-bot,simulated-liquidity-provider,d055ffb5-cabb-40e0-9204-fe4ff2abc44e,MARKET,TREND_DOWN,99.95,0.08,2026-04-30T19:02:11.676449+00:00
1dac383b-814d-4ceb-88bd-0ad8680d5260,AAPL,99.91,3.0,simulated-liquidity-provider,momentum-bot,46b3a681-428e-4352-bab6-7fc4e5f152bc,MARKET,TREND_DOWN,99.95,0.08,2026-04-30T19:02:11.676781+00:00
6925ae17-5409-40c3-9a97-9b1424e57ffc,AAPL,99.56,3.0,simulated-liquidity-provider,momentum-bot,5f54beb0-a613-450e-9c9f-73adde589912,MARKET,TREND_DOWN,99.6,0.08,2026-04-30T19:02:12.684390+00:00
6c265e23-9fd4-4c80-9171-227ee2712364,AAPL,99.64,3.0,mean-reversion-bot,simulated-liquidity-provider,d0ae3897-c122-49aa-a29a-df59620d3538,MARKET,TREND_DOWN,99.6,0.08,2026-04-30T19:02:12.684790+00:00
e2314141-5f2f-41ce-bbde-6cfcbc014842,AAPL,100.07,2.0,simulated-liquidity-provider,baseline-bot,42eafe3b-482b-4543-93cd-75799c9d9566,MARKET,TREND_UP,100.1,0.06,2026-04-30T19:02:13.689776+00:00
91466155-9c5f-4699-9a17-437babb2197d,AAPL,100.07,3.0,simulated-liquidity-provider,momentum-bot,e4f2f32e-b926-4a9d-873e-05a46734580e,MARKET,TREND_UP,100.1,0.06,2026-04-30T19:02:13.690222+00:00
e28bfeeb-78e6-4934-85a6-c814189ad2d8,AAPL,100.23,3.0,momentum-bot,simulated-liquidity-provider,053617ca-c8c9-48a0-ac54-42ccceb9baa8,MARKET,MEAN_REVERT,100.2,0.06,2026-04-30T19:02:14.692328+00:00
cee95cc5-44f8-4224-a062-d6eed450c3b4,AAPL,100.23,1.0,baseline-bot,simulated-liquidity-provider,c2d9e122-0bee-45e2-a99d-a5c69120cd73,MARKET,MEAN_REVERT,100.2,0.06,2026-04-30T19:02:14.692734+00:00
221c7c17-f79e-453a-9e05-43af33aee599,AAPL,100.52,3.0,simulated-liquidity-provider,mean-reversion-bot,1459d61d-f228-4363-abeb-52583b0e6837,MARKET,TREND_UP,100.55,0.06,2026-04-30T19:02:15.693653+00:00
5313d1e7-e4e8-4dee-9c2b-3279d14972f1,AAPL,100.58,3.0,momentum-bot,simulated-liquidity-provider,7c288805-0b51-4a93-ba70-e49c13ed5cb1,MARKET,TREND_UP,100.55,0.06,2026-04-30T19:02:15.694116+00:00
9baee754-2a56-4f4c-9c52-0960cf9a7fb9,AAPL,100.42,3.0,momentum-bot,simulated-liquidity-provider,3020387c-b2e0-497d-bce1-d278c1e087cb,MARKET,MEAN_REVERT,100.4,0.04,2026-04-30T19:02:16.697883+00:00
788deece-0478-435e-ab7f-bb38d6ee4d7f,AAPL,100.88,3.0,momentum-bot,simulated-liquidity-provider,0da84ebb-3ca8-4e7b-bddf-930c104ab9a4,MARKET,TREND_UP,100.85,0.06,2026-04-30T19:02:17.702234+00:00
2376506b-2d2f-4ea3-8912-8e946867b65f,AAPL,100.82,3.0,simulated-liquidity-provider,mean-reversion-bot,12bbf7a7-134a-4606-b710-fc808a23e6cb,MARKET,TREND_UP,100.85,0.06,2026-04-30T19:02:17.702667+00:00
663fc433-6d3a-4c96-82e5-7d0bfdd9d938,AAPL,101.25,3.0,momentum-bot,simulated-liquidity-provider,25aeb4a4-7cff-44d1-b0cb-e8a53b34c842,MARKET,TREND_UP,101.2,0.1,2026-04-30T19:02:18.709170+00:00
0c36561e-7023-43c9-9823-77535d610a9d,AAPL,101.15,3.0,simulated-liquidity-provider,mean-reversion-bot,80085620-c3c9-4c6c-8e90-ba9871aceaf8,MARKET,TREND_UP,101.2,0.1,2026-04-30T19:02:18.709590+00:00
fd317566-61cd-409f-9cf9-038a18265de1,AAPL,100.8,3.0,momentum-bot,simulated-liquidity-provider,d0f56931-6bcc-47f9-a50a-706d7adcd920,MARKET,TREND_DOWN,100.75,0.1,2026-04-30T19:02:19.714255+00:00
9f13b26e-05e4-48e2-ab60-a8be4c062349,AAPL,100.8,2.0,baseline-bot,simulated-liquidity-provider,625e4118-cf11-42aa-a548-0b981aed2a19,MARKET,TREND_DOWN,100.75,0.1,2026-04-30T19:02:19.714993+00:00
cae98797-1b0c-43f0-b207-8686a56a7bb5,AAPL,100.26,3.0,simulated-liquidity-provider,momentum-bot,912534f1-a9bd-4da0-9ab7-337171ca1916,MARKET,TREND_DOWN,100.3,0.08,2026-04-30T19:02:20.718088+00:00
ac1a3e9a-7b41-4e25-8549-a62cadd35fc8,AAPL,100.34,3.0,mean-reversion-bot,simulated-liquidity-provider,3dbd2d4d-90d4-4c1f-b4c1-724eaeb3fb48,MARKET,TREND_DOWN,100.3,0.08,2026-04-30T19:02:20.718502+00:00
d5de544f-ef56-414f-a75c-9938f8a2c7bd,AAPL,99.9,3.0,simulated-liquidity-provider,momentum-bot,e21db5c3-d6cd-4ba6-b70d-c835e59f4696,MARKET,TREND_DOWN,99.95,0.1,2026-04-30T19:02:21.724073+00:00
4b593f99-b027-4b32-b388-9b48c072eb7a,AAPL,100.0,3.0,mean-reversion-bot,simulated-liquidity-provider,1bfb33c4-d798-4f2f-b1e1-9b076e9b2a3f,MARKET,TREND_DOWN,99.95,0.1,2026-04-30T19:02:21.724528+00:00
36f7cc3d-bbe6-41f3-8de5-3fbb3086948b,AAPL,99.56,3.0,simulated-liquidity-provider,momentum-bot,d19f5772-8054-4fd4-b262-35d6778b8d03,MARKET,TREND_DOWN,99.6,0.08,2026-04-30T19:02:22.731337+00:00
254786a3-0651-495c-a2ce-0482f2ae650b,AAPL,99.64,3.0,mean-reversion-bot,simulated-liquidity-provider,501d6a06-a3b1-4ef5-b743-0f4093541169,MARKET,TREND_DOWN,99.6,0.08,2026-04-30T19:02:22.732103+00:00
a62994b3-952b-451e-b44d-800836368c5e,AAPL,100.07,3.0,simulated-liquidity-provider,momentum-bot,3910f187-972c-4172-b5b2-7785ac83fd6e,MARKET,TREND_UP,100.1,0.06,2026-04-30T19:02:23.734821+00:00
939a90e7-5849-40a3-a4b3-9e7580aed337,AAPL,100.22,3.0,momentum-bot,simulated-liquidity-provider,96a08d0f-f834-4f56-9f12-4a3168279f82,MARKET,MEAN_REVERT,100.2,0.04,2026-04-30T19:02:24.738165+00:00
a5f2739f-d3d4-4e84-a93a-76e045f73839,AAPL,100.58,3.0,momentum-bot,simulated-liquidity-provider,2dfc2afc-8421-4dd0-890f-3de0e60806e5,MARKET,TREND_UP,100.55,0.06,2026-04-30T19:02:25.743975+00:00
7fcd2527-49d1-42bd-995b-53b65e1089df,AAPL,100.52,3.0,simulated-liquidity-provider,mean-reversion-bot,26d1de95-fdb6-436f-ac6b-546752124041,MARKET,TREND_UP,100.55,0.06,2026-04-30T19:02:25.744393+00:00
e83a5b42-29ad-4d5a-9a2b-051bc248b849,AAPL,100.43,3.0,momentum-bot,simulated-liquidity-provider,dda08817-2f2c-4495-85ea-5f29638832c0,MARKET,MEAN_REVERT,100.4,0.06,2026-04-30T19:02:26.749283+00:00
38f0d854-c3bd-44c9-9b30-b03fce564e5e,AAPL,100.82,2.0,simulated-liquidity-provider,baseline-bot,52cdfa6c-b611-4628-8fd5-036d27cdc0ae,MARKET,TREND_UP,100.85,0.06,2026-04-30T19:02:27.751575+00:00
05457808-435b-48f0-8bc6-f3e22b606844,AAPL,100.88,3.0,momentum-bot,simulated-liquidity-provider,a047b37e-9fc6-4b54-955e-6e37dbe99cd9,MARKET,TREND_UP,100.85,0.06,2026-04-30T19:02:27.751990+00:00
8de190c5-a859-497c-a55f-05809e562ef6,AAPL,100.82,3.0,simulated-liquidity-provider,mean-reversion-bot,f6d20922-7aea-4ccc-ad23-648283dec8cd,MARKET,TREND_UP,100.85,0.06,2026-04-30T19:02:27.752252+00:00
9db9129a-511e-462f-8a50-c46af01654f9,AAPL,101.17,3.0,simulated-liquidity-provider,mean-reversion-bot,dad91918-147c-4fdf-8f4c-a1915da96f39,MARKET,TREND_UP,101.2,0.06,2026-04-30T19:02:28.758302+00:00
cf7a7fe2-9300-4ca4-85d4-688b1fa88053,AAPL,101.23,3.0,momentum-bot,simulated-liquidity-provider,2e04f936-dff7-4c60-aafd-723e31573417,MARKET,TREND_UP,101.2,0.06,2026-04-30T19:02:28.758845+00:00
bfedd15b-e24b-4323-a374-7dbb3a5717cf,AAPL,100.8,3.0,momentum-bot,simulated-liquidity-provider,94197989-fca1-461b-9c9c-68d033a49899,MARKET,TREND_DOWN,100.75,0.1,2026-04-30T19:02:29.766607+00:00
103392c7-ac39-476c-ade5-ea8197e633d3,AAPL,100.27,1.0,simulated-liquidity-provider,baseline-bot,afd2db63-528f-45b4-8710-52cfda270551,MARKET,TREND_DOWN,100.3,0.06,2026-04-30T19:02:30.764227+00:00
614c9bd2-c027-4a8e-b31c-5cbd9dc2b001,AAPL,100.33,3.0,mean-reversion-bot,simulated-liquidity-provider,7b8a0965-3576-4297-ba96-d496c51bd32c,MARKET,TREND_DOWN,100.3,0.06,2026-04-30T19:02:30.764646+00:00
b30e22d9-34d2-43e7-a839-e5c2383108c0,AAPL,100.27,3.0,simulated-liquidity-provider,momentum-bot,e2915110-0e49-45f1-b047-100ad8d52de0,MARKET,TREND_DOWN,100.3,0.06,2026-04-30T19:02:30.764979+00:00
968e4d45-6c5b-41d5-82c7-82bebb2c440f,AAPL,99.92,1.0,simulated-liquidity-provider,baseline-bot,dc4e9132-256a-47a1-910a-f565add5afcf,MARKET,TREND_DOWN,99.95,0.06,2026-04-30T19:02:31.768201+00:00
2c7a5463-2fac-4554-b4b2-3258a5193b68,AAPL,99.92,3.0,simulated-liquidity-provider,momentum-bot,6cc42d3e-25ca-442e-96b1-1fd7ae0ba4c4,MARKET,TREND_DOWN,99.95,0.06,2026-04-30T19:02:31.768608+00:00
69058e18-140a-40cb-b5cf-a05aad8da51f,AAPL,99.98,3.0,mean-reversion-bot,simulated-liquidity-provider,00f1f547-dfd0-4d5b-9d36-bd757a5256c4,MARKET,TREND_DOWN,99.95,0.06,2026-04-30T19:02:31.769009+00:00
24a8808c-df27-47f7-8d6d-5799a33d8e59,AAPL,99.55,3.0,simulated-liquidity-provider,momentum-bot,d8e5fd54-b9be-43f8-8fad-14af3ac6f757,MARKET,TREND_DOWN,99.6,0.1,2026-04-30T19:02:32.774515+00:00
ef42e201-b4ac-48c6-b926-a2ff2cc6174f,AAPL,99.65,3.0,mean-reversion-bot,simulated-liquidity-provider,4aeb8477-5217-4d08-8cc6-b1956888468e,MARKET,TREND_DOWN,99.6,0.1,2026-04-30T19:02:32.775011+00:00
4ea7c574-5a3c-4fe2-a175-6f7447b7e180,AAPL,100.07,3.0,simulated-liquidity-provider,momentum-bot,22fb51f2-5501-4205-a520-2e30d2384187,MARKET,TREND_UP,100.1,0.06,2026-04-30T19:02:33.778686+00:00
44501ef9-d2c4-47f1-b4a4-f0cfea551fdd,AAPL,100.22,3.0,momentum-bot,simulated-liquidity-provider,989ca17f-260f-4cd5-b940-336cd83c9884,MARKET,MEAN_REVERT,100.2,0.04,2026-04-30T19:02:34.786622+00:00
bc5bc036-de65-4a80-a660-1b045c9b0fe7,AAPL,100.22,2.0,baseline-bot,simulated-liquidity-provider,0044e3e4-26ef-478d-a99f-bcb0d49419f2,MARKET,MEAN_REVERT,100.2,0.04,2026-04-30T19:02:34.787031+00:00
9b9c75ba-62c4-4343-91bd-4b7390f4de29,AAPL,100.6,3.0,momentum-bot,simulated-liquidity-provider,c103f730-3f1a-4cad-905d-d1fb661061fc,MARKET,TREND_UP,100.55,0.1,2026-04-30T19:02:35.794433+00:00
e04d2233-743b-4a30-9f83-cae6e1c706ee,AAPL,100.5,3.0,simulated-liquidity-provider,mean-reversion-bot,e029773d-8eb5-45ec-8210-b594f4cc89bb,MARKET,TREND_UP,100.55,0.1,2026-04-30T19:02:35.794863+00:00
6b0b07b9-900f-4137-9f90-541bf983de9d,AAPL,100.43,3.0,momentum-bot,simulated-liquidity-provider,be76e3e5-7846-43fd-a8e0-fbbd341306b3,MARKET,MEAN_REVERT,100.4,0.06,2026-04-30T19:02:36.799083+00:00
a089d586-a1ca-4e78-88fc-9e08235c1f3b,AAPL,100.37,2.0,simulated-liquidity-provider,baseline-bot,12a94985-933e-4ef3-bd0a-8a1fc76d548e,MARKET,MEAN_REVERT,100.4,0.06,2026-04-30T19:02:36.799506+00:00
fb808c04-c5de-4e16-a4c6-dbf6fde58706,AAPL,100.88,3.0,momentum-bot,simulated-liquidity-provider,ba79e0e8-be35-48a6-bc1e-d3381a7656af,MARKET,TREND_UP,100.85,0.06,2026-04-30T19:02:37.800766+00:00
140a7a08-c148-4fed-be6c-b5c3afe80587,AAPL,100.82,3.0,simulated-liquidity-provider,mean-reversion-bot,56409027-c74e-4170-8834-b2d4fb4345a4,MARKET,TREND_UP,100.85,0.06,2026-04-30T19:02:37.801180+00:00
8e491987-29c5-4dc1-a17e-d48613cada7d,AAPL,101.16,3.0,simulated-liquidity-provider,mean-reversion-bot,7827d78a-1255-400b-a928-9628daeb4ed5,MARKET,TREND_UP,101.2,0.08,2026-04-30T19:02:38.807418+00:00
4bc421ce-4434-4fb7-b89f-ab569c749e2a,AAPL,101.24,3.0,momentum-bot,simulated-liquidity-provider,e8539a5c-e95e-4c27-ba5a-81aad3dc27d4,MARKET,TREND_UP,101.2,0.08,2026-04-30T19:02:38.807832+00:00
4d125ca1-63c0-449e-8d54-fc6fe92a1a24,AAPL,100.78,3.0,momentum-bot,simulated-liquidity-provider,1dd89c80-433c-4a6d-b308-f8eca992d2f9,MARKET,TREND_DOWN,100.75,0.06,2026-04-30T19:02:39.812445+00:00
b6d937d5-f7b4-4006-8c0d-6857e499a239,AAPL,100.33,3.0,mean-reversion-bot,simulated-liquidity-provider,c598b9b7-61cb-4e7f-a510-0e2e859a1358,MARKET,TREND_DOWN,100.3,0.06,2026-04-30T19:02:40.815541+00:00
6d0bf07e-94b9-4a87-b755-9cef996c6340,AAPL,100.33,1.0,baseline-bot,simulated-liquidity-provider,780beb1d-3106-4a8b-aa06-e1407420826c,MARKET,TREND_DOWN,100.3,0.06,2026-04-30T19:02:40.816039+00:00
abdec77f-5ac8-4509-8e5c-afc226676d1b,AAPL,100.27,3.0,simulated-liquidity-provider,momentum-bot,279fd912-da2d-430d-b0a8-8f3771a6c2de,MARKET,TREND_DOWN,100.3,0.06,2026-04-30T19:02:40.816844+00:00
aff0f65e-ed05-469f-970c-98ddd78de873,AAPL,99.92,3.0,simulated-liquidity-provider,momentum-bot,5b0976ce-4540-45b0-a77d-6c498bcfa476,MARKET,TREND_DOWN,99.95,0.06,2026-04-30T19:02:41.824967+00:00
6435a7bc-54b1-4fe0-9f6f-c2d94fa6f505,AAPL,99.98,1.0,baseline-bot,simulated-liquidity-provider,dd34dd43-c7c9-4d87-9675-d12f35169462,MARKET,TREND_DOWN,99.95,0.06,2026-04-30T19:02:41.825396+00:00
12cbb1c8-1be6-4e77-8f3a-9d718a6d1980,AAPL,99.98,3.0,mean-reversion-bot,simulated-liquidity-provider,720fd811-f272-414a-b436-6f46e28e56b0,MARKET,TREND_DOWN,99.95,0.06,2026-04-30T19:02:41.825629+00:00
aa408756-0c3f-4b23-b868-aeb4d6429170,AAPL,99.56,3.0,simulated-liquidity-provider,momentum-bot,8f472934-7beb-433b-bfa3-d4e8bcc3639e,MARKET,TREND_DOWN,99.6,0.08,2026-04-30T19:02:42.831154+00:00
e7a7f704-2a70-4997-b305-347cc66256c1,AAPL,99.56,2.0,simulated-liquidity-provider,baseline-bot,6ab72728-56c9-4d5d-a59e-bba974e202c5,MARKET,TREND_DOWN,99.6,0.08,2026-04-30T19:02:42.831670+00:00
46b19ee7-525d-47ca-a7d5-69d197b394bd,AAPL,99.64,3.0,mean-reversion-bot,simulated-liquidity-provider,ac27d1b7-8a64-4b06-a4d6-ce0b7cb40146,MARKET,TREND_DOWN,99.6,0.08,2026-04-30T19:02:42.832024+00:00
31dd1d0f-9c54-46e4-8a54-0784e83abf07,AAPL,100.05,3.0,simulated-liquidity-provider,momentum-bot,34dd6807-5e60-4f48-8f75-51f22c804def,MARKET,TREND_UP,100.1,0.1,2026-04-30T19:02:43.837089+00:00
1aa2753d-b1c5-43e8-93cf-3a5231d0df3f,AAPL,100.17,1.0,simulated-liquidity-provider,baseline-bot,a689f671-d329-42dd-acaf-0371f9f968d3,MARKET,MEAN_REVERT,100.2,0.06,2026-04-30T19:02:44.843349+00:00
4d8c974d-df53-43a6-bdd2-3191585393c8,AAPL,100.23,3.0,momentum-bot,simulated-liquidity-provider,5d05432e-f768-4997-9d0a-b3be5800faad,MARKET,MEAN_REVERT,100.2,0.06,2026-04-30T19:02:44.843947+00:00
67d1e753-92d4-44bf-848b-1f074a43cb3f,AAPL,100.6,5.0,baseline-bot,simulated-liquidity-provider,77d6c57d-c48d-44c3-9256-fcb44572acee,MARKET,TREND_UP,100.55,0.1,2026-04-30T19:02:45.848444+00:00
e0faa9f4-e32d-440f-93a6-b8895bad1dc1,AAPL,100.5,3.0,simulated-liquidity-provider,mean-reversion-bot,235f6637-fca9-4526-a2a8-e9c53a8a614f,MARKET,TREND_UP,100.55,0.1,2026-04-30T19:02:45.848853+00:00
80468c47-8621-49a8-91e3-06c43e463a80,AAPL,100.6,3.0,momentum-bot,simulated-liquidity-provider,c1faaeb7-8204-4f11-a33c-846e441acf4a,MARKET,TREND_UP,100.55,0.1,2026-04-30T19:02:45.849079+00:00
9fd84b9d-1005-4543-aac9-9b67386773f1,AAPL,100.43,3.0,momentum-bot,simulated-liquidity-provider,4ab0bd65-7da1-4592-a750-9f8e3acbe965,MARKET,MEAN_REVERT,100.4,0.06,2026-04-30T19:02:46.850083+00:00
322d8134-4b65-431e-b6c6-b56f4d8151bb,AAPL,100.43,5.0,baseline-bot,simulated-liquidity-provider,54e306c3-15cd-42bb-83cc-44205fdec1dc,MARKET,MEAN_REVERT,100.4,0.06,2026-04-30T19:02:46.851604+00:00
ac98160c-e2cf-4ac9-80b4-0b0897b68b34,AAPL,100.82,3.0,simulated-liquidity-provider,mean-reversion-bot,2e7af688-ed7e-46c3-8b5b-562693ffd68f,MARKET,TREND_UP,100.85,0.06,2026-04-30T19:02:47.855834+00:00
75f9c48c-927d-47d5-86a0-f43c470fd862,AAPL,100.88,3.0,momentum-bot,simulated-liquidity-provider,6b7eddd8-8842-463b-90c3-f1b587678219,MARKET,TREND_UP,100.85,0.06,2026-04-30T19:02:47.856340+00:00
c613cfd7-84d2-498f-8e6d-4fa3fd22e144,AAPL,100.82,2.0,simulated-liquidity-provider,baseline-bot,743d353a-9e1e-4a0b-9d51-82760fd70e07,MARKET,TREND_UP,100.85,0.06,2026-04-30T19:02:47.857017+00:00
aab1f130-a7fc-4c2d-a8f4-336e8da69954,AAPL,101.17,3.0,simulated-liquidity-provider,mean-reversion-bot,9bc73219-c102-4bf9-9e0b-8ec65c3e0b1c,MARKET,TREND_UP,101.2,0.06,2026-04-30T19:02:48.860520+00:00
e044d71e-debd-47e5-adac-add97ef98b6a,AAPL,101.23,3.0,momentum-bot,simulated-liquidity-provider,fad0c815-d48e-4462-b47b-dba6eed93c56,MARKET,TREND_UP,101.2,0.06,2026-04-30T19:02:48.863461+00:00
a647e7d3-7927-446b-b775-d6f1a207b4a5,AAPL,100.8,3.0,momentum-bot,simulated-liquidity-provider,d9884ead-47de-4761-b488-8b62d09b4ba0,MARKET,TREND_DOWN,100.75,0.1,2026-04-30T19:02:49.866890+00:00
3563ec24-57ac-40c1-b210-4e12baf505c4,AAPL,100.7,5.0,simulated-liquidity-provider,baseline-bot,f47180f7-634c-4c82-991c-0b221470f762,MARKET,TREND_DOWN,100.75,0.1,2026-04-30T19:02:49.867293+00:00
7196e8a6-1d7e-460f-b897-ee514be304e8,AAPL,100.26,3.0,simulated-liquidity-provider,momentum-bot,cf28e1d9-e15b-451d-b7a3-ce09a849a8dc,MARKET,TREND_DOWN,100.3,0.08,2026-04-30T19:02:50.873364+00:00
cb2e289d-8992-46d6-87d2-826d691fa579,AAPL,100.34,3.0,mean-reversion-bot,simulated-liquidity-provider,287f5ef0-0373-43a7-8da2-5c2d9e8776c6,MARKET,TREND_DOWN,100.3,0.08,2026-04-30T19:02:50.874067+00:00
2b09fb92-d874-4e49-872b-206f6f9392af,AAPL,99.91,3.0,simulated-liquidity-provider,momentum-bot,374d3323-3723-4950-af8a-cb3fffb154c7,MARKET,TREND_DOWN,99.95,0.08,2026-04-30T19:02:51.876319+00:00
91e935f9-f9a1-4fdb-a091-774bb9953148,AAPL,99.99,3.0,mean-reversion-bot,simulated-liquidity-provider,d993fce2-383c-418d-8bf5-43b89c643f8e,MARKET,TREND_DOWN,99.95,0.08,2026-04-30T19:02:51.876733+00:00
02b99d7a-cb1c-4468-9373-0efc259f5f67,AAPL,99.57,3.0,simulated-liquidity-provider,momentum-bot,e66a1570-581a-45c2-8e95-01993273a01b,MARKET,TREND_DOWN,99.6,0.06,2026-04-30T19:02:52.877724+00:00
b9519f2f-ed98-4fac-9c64-758fd1e21b80,AAPL,99.63,3.0,mean-reversion-bot,simulated-liquidity-provider,cd4e8db9-e1de-4333-ae3e-0d5544283b09,MARKET,TREND_DOWN,99.6,0.06,2026-04-30T19:02:52.878137+00:00
18257d66-6678-4a1e-b331-084b17116fdd,AAPL,100.05,3.0,simulated-liquidity-provider,momentum-bot,5bbbff56-6a55-4c31-8153-315b98d260b3,MARKET,TREND_UP,100.1,0.1,2026-04-30T19:02:53.882718+00:00
1525bd77-a4b6-4fac-aa94-77a5772d739a,AAPL,100.23,3.0,momentum-bot,simulated-liquidity-provider,3ba28adc-3b3c-419b-b493-2c458fcf6edb,MARKET,MEAN_REVERT,100.2,0.06,2026-04-30T19:02:54.890000+00:00
ff515050-7b93-42fc-9b6b-e178a67d1384,AAPL,100.58,3.0,momentum-bot,simulated-liquidity-provider,34029d55-fae1-47ca-917b-b27e82c41a02,MARKET,TREND_UP,100.55,0.06,2026-04-30T19:02:55.895170+00:00
d3b72325-cc0c-43f3-8582-6a483b52dfb9,AAPL,100.52,1.0,simulated-liquidity-provider,baseline-bot,c0376e35-3b08-447d-9138-eee85c9440d7,MARKET,TREND_UP,100.55,0.06,2026-04-30T19:02:55.895606+00:00
e2fcecd2-aff8-44e6-bf16-675f33e0b4ee,AAPL,100.52,3.0,simulated-liquidity-provider,mean-reversion-bot,ac280680-9d83-4e9a-abb0-89d573482487,MARKET,TREND_UP,100.55,0.06,2026-04-30T19:02:55.896093+00:00
388379df-c559-4092-a27e-aff4d9429875,AAPL,100.43,2.0,baseline-bot,simulated-liquidity-provider,a2cdfd68-ab9e-46db-83b3-fbe088ef4f77,MARKET,MEAN_REVERT,100.4,0.06,2026-04-30T19:02:56.903955+00:00
c7205566-8d61-48a1-88e2-ae42eb56ec1b,AAPL,100.43,3.0,momentum-bot,simulated-liquidity-provider,fe206000-e9db-4265-b7ce-e822b74635cc,MARKET,MEAN_REVERT,100.4,0.06,2026-04-30T19:02:56.905819+00:00
4b966ecd-c760-4313-aa24-3f5f5656a8a9,AAPL,100.8,3.0,simulated-liquidity-provider,mean-reversion-bot,9a38aebc-a36e-4537-b354-6639bc974182,MARKET,TREND_UP,100.85,0.1,2026-04-30T19:02:57.902325+00:00
cfad8389-4a8f-4790-b3ed-92af0b03fc54,AAPL,100.9,3.0,momentum-bot,simulated-liquidity-provider,14c1aeef-876f-4261-9ea0-fd147d4aee92,MARKET,TREND_UP,100.85,0.1,2026-04-30T19:02:57.902882+00:00
19613403-f7d1-487c-afca-fe75c92023dc,AAPL,101.15,3.0,simulated-liquidity-provider,mean-reversion-bot,1bb7f390-6ef0-4529-a03c-527dcac2af10,MARKET,TREND_UP,101.2,0.1,2026-04-30T19:02:58.908010+00:00
c5cc30be-4d4e-4024-875b-c2d62370842a,AAPL,101.25,3.0,momentum-bot,simulated-liquidity-provider,0a1d5533-8ed5-4cc5-957e-74373dbcbf82,MARKET,TREND_UP,101.2,0.1,2026-04-30T19:02:58.908439+00:00
3cc3c3bd-b717-4584-8455-b86a01da744c,AAPL,100.79,3.0,momentum-bot,simulated-liquidity-provider,ce94f37f-74b0-4950-8b10-23edff2e0b46,MARKET,TREND_DOWN,100.75,0.08,2026-04-30T19:02:59.910480+00:00
8a1bac43-4373-41d5-bc2f-dcb10509d088,AAPL,100.71,2.0,simulated-liquidity-provider,baseline-bot,ca682bb2-d51a-4eab-892b-cd35cc9f964d,MARKET,TREND_DOWN,100.75,0.08,2026-04-30T19:02:59.910893+00:00
1a03a146-336e-4703-a63e-b08888247c48,AAPL,100.26,3.0,simulated-liquidity-provider,momentum-bot,950e135e-2592-4b5e-81a3-8d5e7b81fcf8,MARKET,TREND_DOWN,100.3,0.08,2026-04-30T19:03:00.917122+00:00
2097e9e8-4cd1-4901-b586-c03798873bee,AAPL,100.34,3.0,mean-reversion-bot,simulated-liquidity-provider,e35d7d1a-a0f3-47bb-8913-9b40fb4a85e1,MARKET,TREND_DOWN,100.3,0.08,2026-04-30T19:03:00.917531+00:00
0a7a34ce-46cc-4574-baf6-63047cd8c701,AAPL,99.99,3.0,mean-reversion-bot,simulated-liquidity-provider,8fd56c03-7dbf-4643-bc92-517166bd5982,MARKET,TREND_DOWN,99.95,0.08,2026-04-30T19:03:01.920668+00:00
ea5347a5-47a0-4e13-b40a-e720d2921a73,AAPL,99.91,3.0,simulated-liquidity-provider,momentum-bot,6000059a-2647-49e5-849d-af1ff17331c5,MARKET,TREND_DOWN,99.95,0.08,2026-04-30T19:03:01.921121+00:00
1302764b-9673-4301-b030-041dacfda045,AAPL,99.64,3.0,mean-reversion-bot,simulated-liquidity-provider,bb8f66f5-d615-49b5-ba91-a1ecd2999a06,MARKET,TREND_DOWN,99.6,0.08,2026-04-30T19:03:02.923435+00:00
1fa9e5b3-1eae-4e4f-97e8-e8183d26b502,AAPL,99.56,3.0,simulated-liquidity-provider,momentum-bot,4bf295fd-40ca-4a08-8105-f12a908861f5,MARKET,TREND_DOWN,99.6,0.08,2026-04-30T19:03:02.924194+00:00
2df982f3-bfc2-4e64-8cee-77f6eddb6845,AAPL,100.07,3.0,simulated-liquidity-provider,momentum-bot,512602e2-7a92-4aa2-868f-a17e77d6e9cf,MARKET,TREND_UP,100.1,0.06,2026-04-30T19:03:03.927199+00:00
b951af0a-e0db-4c2d-ad84-9ca62e97a1e5,AAPL,100.22,3.0,momentum-bot,simulated-liquidity-provider,98b1a700-abbe-4a63-809e-dd29ab85601e,MARKET,MEAN_REVERT,100.2,0.04,2026-04-30T19:03:04.932841+00:00
e9a48219-7b21-43c8-8cef-d7364259496d,AAPL,100.52,3.0,simulated-liquidity-provider,mean-reversion-bot,c0a2d63b-c8b0-4063-ae09-29d4dcba27d4,MARKET,TREND_UP,100.55,0.06,2026-04-30T19:03:05.944890+00:00
71aa752d-46ed-4aec-80a1-48f60f2a9086,AAPL,100.58,3.0,momentum-bot,simulated-liquidity-provider,0bad0f51-3422-49b8-a2c5-1c05e05d6f51,MARKET,TREND_UP,100.55,0.06,2026-04-30T19:03:05.945305+00:00
488d9b29-3c1d-4cfd-858f-209ff7767fc4,AAPL,100.58,1.0,baseline-bot,simulated-liquidity-provider,e50b1649-fcc9-4c56-a21b-3a473abf0685,MARKET,TREND_UP,100.55,0.06,2026-04-30T19:03:05.945621+00:00
edac8bbd-9a10-4e07-8de1-6094e3ff7320,AAPL,100.42,3.0,momentum-bot,simulated-liquidity-provider,d3e4801a-ad9e-488d-a6ee-8f63d3838141,MARKET,MEAN_REVERT,100.4,0.04,2026-04-30T19:03:06.941197+00:00
d5edd144-3e3f-4170-8062-46393fcff4c4,AAPL,100.8,3.0,simulated-liquidity-provider,mean-reversion-bot,b9366231-1c73-4d02-a6a9-37e5c51cc25a,MARKET,TREND_UP,100.85,0.1,2026-04-30T19:03:07.947188+00:00
556cd62b-f827-410b-9a68-890da5fdc00a,AAPL,100.9,3.0,momentum-bot,simulated-liquidity-provider,8bd6aaf6-4ed5-46d0-81f3-09cbc95d3ac2,MARKET,TREND_UP,100.85,0.1,2026-04-30T19:03:07.947614+00:00
202921fc-3955-4441-ae39-1c15255d2235,AAPL,101.23,3.0,momentum-bot,simulated-liquidity-provider,06f86072-e9d9-4d9a-ada0-d97afe03d822,MARKET,TREND_UP,101.2,0.06,2026-04-30T19:03:08.953553+00:00
196d9c3e-24ff-4342-a375-d4a62090f64b,AAPL,101.17,3.0,simulated-liquidity-provider,mean-reversion-bot,879a261e-89d1-4844-ad3d-d1b4ccd2eaaa,MARKET,TREND_UP,101.2,0.06,2026-04-30T19:03:08.954159+00:00
05a5124c-1e06-4dda-b855-e423d5848b5f,AAPL,100.79,3.0,momentum-bot,simulated-liquidity-provider,27b59541-a62a-4c32-81db-471717991119,MARKET,TREND_DOWN,100.75,0.08,2026-04-30T19:03:09.955226+00:00
f0fc35ef-d179-4c31-82da-f908bfd30c83,AAPL,100.25,3.0,simulated-liquidity-provider,momentum-bot,39897946-cfec-46c0-8a31-da574b9a3dd8,MARKET,TREND_DOWN,100.3,0.1,2026-04-30T19:03:10.959630+00:00
df43036f-d413-4527-bbde-f65773070ae4,AAPL,100.35,3.0,mean-reversion-bot,simulated-liquidity-provider,45f783f6-5667-4321-9df7-01506b90ca63,MARKET,TREND_DOWN,100.3,0.1,2026-04-30T19:03:10.960052+00:00
849a0fae-7474-4184-b9d7-fc918fd92a45,AAPL,99.98,3.0,mean-reversion-bot,simulated-liquidity-provider,8f4dbdd5-556e-448d-b5ce-0eed63942e42,MARKET,TREND_DOWN,99.95,0.06,2026-04-30T19:03:11.958819+00:00
11eabb7c-c5a6-4eb3-a0f6-7a60f8398101,AAPL,99.92,3.0,simulated-liquidity-provider,momentum-bot,fd13dbcd-1ead-48c5-955e-6c36799dc3bf,MARKET,TREND_DOWN,99.95,0.06,2026-04-30T19:03:11.959314+00:00
9ba00428-9b5c-47fe-9926-d88f8a6fd9ef,AAPL,99.63,3.0,mean-reversion-bot,simulated-liquidity-provider,3c8ae3c6-b053-4572-87c6-064ff379c144,MARKET,TREND_DOWN,99.6,0.06,2026-04-30T19:03:12.967984+00:00
b7aaf132-68db-42de-8cdb-4a5b853b3b16,AAPL,99.57,3.0,simulated-liquidity-provider,momentum-bot,b246708d-7a8e-4278-a12b-08402b8b57cb,MARKET,TREND_DOWN,99.6,0.06,2026-04-30T19:03:12.968390+00:00
8505e357-ce8c-446e-9e82-a6e7c2bff0d4,AAPL,100.15,5.0,baseline-bot,simulated-liquidity-provider,067e58f9-12b0-4772-8d17-d694163a9fd1,MARKET,TREND_UP,100.1,0.1,2026-04-30T19:03:13.975033+00:00
06aa4311-4ea9-495c-a52e-115a8946eb23,AAPL,100.05,3.0,simulated-liquidity-provider,momentum-bot,b9cc6d70-4516-40ed-a909-e564479433ac,MARKET,TREND_UP,100.1,0.1,2026-04-30T19:03:13.975458+00:00
6528f20c-6fe4-4b43-bbec-25b1b188fc2a,AAPL,100.22,3.0,momentum-bot,simulated-liquidity-provider,58d09a3a-d55f-480f-a381-77c36c7f83d9,MARKET,MEAN_REVERT,100.2,0.04,2026-04-30T19:03:14.977904+00:00
1c2c4940-39bb-4ba8-b9b2-155aa75573c1,AAPL,100.58,1.0,baseline-bot,simulated-liquidity-provider,dc19453a-24b7-4ef2-b081-589446fa9413,MARKET,TREND_UP,100.55,0.06,2026-04-30T19:03:15.980166+00:00
4f8c820e-56ce-430d-b142-e21d36d59f88,AAPL,100.58,3.0,momentum-bot,simulated-liquidity-provider,c50b137f-d664-4367-bedb-706cbfbcaa68,MARKET,TREND_UP,100.55,0.06,2026-04-30T19:03:15.980479+00:00
9e0bd7a7-9f61-4310-af2d-1f3e9ebc0a6e,AAPL,100.52,3.0,simulated-liquidity-provider,mean-reversion-bot,20dddd27-814e-4a43-8911-466908a63c28,MARKET,TREND_UP,100.55,0.06,2026-04-30T19:03:15.980640+00:00
41be1eba-e429-492c-a3b4-6836ab5d7c52,AAPL,100.42,3.0,momentum-bot,simulated-liquidity-provider,82b95b2d-9a6c-4dc9-8309-1a08405e1e84,MARKET,MEAN_REVERT,100.4,0.04,2026-04-30T19:03:16.987041+00:00
ae35fda8-acf3-40f5-85e9-826cb10f8393,AAPL,100.8,3.0,simulated-liquidity-provider,mean-reversion-bot,8382bfab-715e-4ffd-a61d-9a336f8f7630,MARKET,TREND_UP,100.85,0.1,2026-04-30T19:03:17.989897+00:00
603cf83e-d17a-4377-83dc-6347ff31e7f3,AAPL,100.9,3.0,momentum-bot,simulated-liquidity-provider,2a6ad493-9877-4479-a0eb-f7c03fb660ae,MARKET,TREND_UP,100.85,0.1,2026-04-30T19:03:17.990324+00:00
fb67a05c-aa29-46ea-9340-73b8f7200c62,AAPL,101.24,3.0,momentum-bot,simulated-liquidity-provider,c4b5e4a1-0b05-4b8c-a6dd-b47891d21bcd,MARKET,TREND_UP,101.2,0.08,2026-04-30T19:03:18.994320+00:00
bce5d243-7f0b-4761-a931-75de49638399,AAPL,101.16,3.0,simulated-liquidity-provider,mean-reversion-bot,2466fe79-e366-4346-a7ef-eb4c16d1b5b4,MARKET,TREND_UP,101.2,0.08,2026-04-30T19:03:18.994723+00:00
241f491b-12e4-4c99-ac20-0d0cd8d5f0b4,AAPL,100.8,3.0,momentum-bot,simulated-liquidity-provider,4aa31c2e-eb7c-42f3-a25b-ee5dce0daf89,MARKET,TREND_DOWN,100.75,0.1,2026-04-30T19:03:20.000365+00:00
3fb31dd7-0fe4-4bd1-a1cf-228dd75b6c51,AAPL,100.27,3.0,simulated-liquidity-provider,momentum-bot,c0a975ec-cdb2-4b0b-ad7c-d2084b8b43b8,MARKET,TREND_DOWN,100.3,0.06,2026-04-30T19:03:21.003959+00:00
2dffd415-2712-4fda-acaf-9ceb6dc092b5,AAPL,100.33,3.0,mean-reversion-bot,simulated-liquidity-provider,c4568fd1-d8c7-45f6-ba8f-1cd37677a335,MARKET,TREND_DOWN,100.3,0.06,2026-04-30T19:03:21.004379+00:00
912f6868-6353-4c5f-82c9-d2493d4d2e0d,AAPL,100.0,3.0,mean-reversion-bot,simulated-liquidity-provider,bb25261e-a9e0-4a76-a326-17866a50753c,MARKET,TREND_DOWN,99.95,0.1,2026-04-30T19:03:22.005261+00:00
a39c8cee-5d3f-4bfc-82ff-8f5e5f97eac6,AAPL,99.9,3.0,simulated-liquidity-provider,momentum-bot,869264bf-b45d-4ed1-b317-15119ac184d9,MARKET,TREND_DOWN,99.95,0.1,2026-04-30T19:03:22.005472+00:00
8a653186-e059-4c9f-895d-050e1040fbd8,AAPL,99.55,3.0,simulated-liquidity-provider,momentum-bot,5a2b4de0-be79-4940-8604-04f6b101d99c,MARKET,TREND_DOWN,99.6,0.1,2026-04-30T19:03:23.016934+00:00
338366fe-6533-463d-9248-c0ed5c07f493,AAPL,99.65,3.0,mean-reversion-bot,simulated-liquidity-provider,3c1ba7ca-47b4-47a5-86df-aa2afd5e6fc3,MARKET,TREND_DOWN,99.6,0.1,2026-04-30T19:03:23.017427+00:00
b8fd67b3-5cd8-450f-9094-7c8147c17754,AAPL,100.07,3.0,simulated-liquidity-provider,momentum-bot,d3645779-ccae-478a-b11e-d0df57ba69d7,MARKET,TREND_UP,100.1,0.06,2026-04-30T19:03:24.021449+00:00
de291f71-0589-4995-896f-5344cebb9838,AAPL,100.13,1.0,baseline-bot,simulated-liquidity-provider,84d29237-02f6-4d1c-8101-dc620b20bac1,MARKET,TREND_UP,100.1,0.06,2026-04-30T19:03:24.022705+00:00
5424f76b-7982-4b65-b78f-16df622dc40a,AAPL,100.23,3.0,momentum-bot,simulated-liquidity-provider,40fd9cc5-3650-4235-b781-5aa2845a6b8b,MARKET,MEAN_REVERT,100.2,0.06,2026-04-30T19:03:25.022808+00:00
77839eed-a49d-4c9f-896f-8a82492ebaa3,AAPL,100.5,3.0,simulated-liquidity-provider,mean-reversion-bot,71850305-2123-425c-b0e8-21480045fa31,MARKET,TREND_UP,100.55,0.1,2026-04-30T19:03:26.021651+00:00
c07dff86-a2f9-49cf-a95b-3f602bb9d3de,AAPL,100.6,3.0,momentum-bot,simulated-liquidity-provider,01733aad-f49b-4a73-b2b1-335fa48b295c,MARKET,TREND_UP,100.55,0.1,2026-04-30T19:03:26.022083+00:00
c4bdca92-3db5-435f-b3ab-f77a07ec20ab,AAPL,100.43,3.0,momentum-bot,simulated-liquidity-provider,de581eff-4607-4223-a9b3-bfeb5213989c,MARKET,MEAN_REVERT,100.4,0.06,2026-04-30T19:03:27.029686+00:00
e6df77c6-26ab-4c9b-a97b-4718b68892eb,AAPL,100.81,3.0,simulated-liquidity-provider,mean-reversion-bot,bd12e433-567f-4360-8ee8-3506239bdfe1,MARKET,TREND_UP,100.85,0.08,2026-04-30T19:03:28.034153+00:00
cbbb47bb-e94a-4dfe-a68b-090880b0c0c2,AAPL,100.89,3.0,momentum-bot,simulated-liquidity-provider,0091cd66-3932-46b7-8f29-ee2364b7d3a5,MARKET,TREND_UP,100.85,0.08,2026-04-30T19:03:28.034587+00:00
ba2f86c3-cdda-4ab9-985c-c7439a5eec65,AAPL,101.23,3.0,momentum-bot,simulated-liquidity-provider,712eb083-b9d0-4d95-91e4-8c94163f1333,MARKET,TREND_UP,101.2,0.06,2026-04-30T19:03:29.036363+00:00
892f1c83-1964-47d3-b502-e87dac4b4d48,AAPL,101.17,3.0,simulated-liquidity-provider,mean-reversion-bot,c39082f7-04b0-4ce7-ae97-6866063a11f5,MARKET,TREND_UP,101.2,0.06,2026-04-30T19:03:29.036712+00:00
c59be929-6ac8-4eff-be0e-90efc1e89f4e,AAPL,100.79,3.0,momentum-bot,simulated-liquidity-provider,fe9bd274-0503-45cb-aced-2ab463913796,MARKET,TREND_DOWN,100.75,0.08,2026-04-30T19:03:30.043999+00:00
8a2708d8-0c6a-4159-9c35-cdbc4cad7f44,AAPL,100.27,3.0,simulated-liquidity-provider,momentum-bot,4d42b11f-8020-4da3-9435-ad67c39f98e8,MARKET,TREND_DOWN,100.3,0.06,2026-04-30T19:03:31.048139+00:00
564d8bd2-e5b7-475a-b31e-5a0ddefaa7cf,AAPL,100.33,3.0,mean-reversion-bot,simulated-liquidity-provider,e9923ced-c6eb-4275-aec5-c14d0c843e10,MARKET,TREND_DOWN,100.3,0.06,2026-04-30T19:03:31.048563+00:00
c0a64076-0a1c-444f-9321-100dfdf69527,AAPL,99.99,1.0,baseline-bot,simulated-liquidity-provider,c0085165-4cb8-45af-a345-3acc35e4dece,MARKET,TREND_DOWN,99.95,0.08,2026-04-30T19:03:32.053983+00:00
1ae74be3-1e13-4cd1-9447-04dc1381b0fe,AAPL,99.99,3.0,mean-reversion-bot,simulated-liquidity-provider,a29c3697-7c99-4ec6-b256-0ea069317d1c,MARKET,TREND_DOWN,99.95,0.08,2026-04-30T19:03:32.054487+00:00
4abedeb8-2367-419a-a88a-a6feffcf8a43,AAPL,99.91,3.0,simulated-liquidity-provider,momentum-bot,ae28a2a5-f4c6-435b-8058-effe1597a328,MARKET,TREND_DOWN,99.95,0.08,2026-04-30T19:03:32.055855+00:00
95ee2e15-e9e2-4fcf-a992-01f1fa4b6ef8,AAPL,99.57,3.0,simulated-liquidity-provider,momentum-bot,9648a656-234d-4af1-9b36-effa4553100a,MARKET,TREND_DOWN,99.6,0.06,2026-04-30T19:03:33.059156+00:00
d86c5d5b-19b2-41ee-8ead-8af6b628da02,AAPL,99.63,3.0,mean-reversion-bot,simulated-liquidity-provider,63745dcd-462e-45b1-a0b6-3bf89dd8c739,MARKET,TREND_DOWN,99.6,0.06,2026-04-30T19:03:33.059792+00:00
20350a54-7bd6-42b0-aa3f-b991c2d2982d,AAPL,100.07,3.0,simulated-liquidity-provider,momentum-bot,0a68de5c-9e4e-4b71-8257-fba10338f38f,MARKET,TREND_UP,100.1,0.06,2026-04-30T19:03:34.066664+00:00
ce0bb47f-8a3a-4718-83d1-6a75dfe8bf41,AAPL,100.13,2.0,baseline-bot,simulated-liquidity-provider,f42ba0c3-c6e5-43d3-922f-9fcee52a2a60,MARKET,TREND_UP,100.1,0.06,2026-04-30T19:03:34.067306+00:00
e6827e09-e6ac-4493-b1a6-7fe01d3e9bb7,AAPL,100.23,3.0,momentum-bot,simulated-liquidity-provider,c126cc7f-f41e-4db9-82ab-2ed123a1ace8,MARKET,MEAN_REVERT,100.2,0.06,2026-04-30T19:03:35.071993+00:00
f6d7cffb-8574-4aac-b200-fba71d84aed3,AAPL,100.58,3.0,momentum-bot,simulated-liquidity-provider,37444af9-c1cd-4b67-8291-9ccd395eb899,MARKET,TREND_UP,100.55,0.06,2026-04-30T19:03:36.075999+00:00
775f4312-6feb-4f46-b055-253c05d7ae12,AAPL,100.52,3.0,simulated-liquidity-provider,mean-reversion-bot,098daa9b-82e6-406c-83b2-f6acd4b31370,MARKET,TREND_UP,100.55,0.06,2026-04-30T19:03:36.076509+00:00
e656e4b2-f493-4057-85d7-8071743307eb,AAPL,100.42,3.0,momentum-bot,simulated-liquidity-provider,39f3ad1c-fbab-4792-8436-edd52067a1e5,MARKET,MEAN_REVERT,100.4,0.04,2026-04-30T19:03:37.081439+00:00
3acfee62-2a0e-4182-aaf1-14fd840cebf7,AAPL,100.38,2.0,simulated-liquidity-provider,baseline-bot,ce023261-cca2-4477-997c-ca2d7d38b268,MARKET,MEAN_REVERT,100.4,0.04,2026-04-30T19:03:37.081801+00:00
2245d61e-f68c-44b4-b764-9417659fadb6,AAPL,100.88,3.0,momentum-bot,simulated-liquidity-provider,82b664e4-884c-4385-bc76-858adb22425f,MARKET,TREND_UP,100.85,0.06,2026-04-30T19:03:38.088148+00:00
d6fea065-1648-4e8d-a234-c9554bb056d5,AAPL,100.82,3.0,simulated-liquidity-provider,mean-reversion-bot,4da94520-807e-488f-bd09-0d82c6461acc,MARKET,TREND_UP,100.85,0.06,2026-04-30T19:03:38.088566+00:00
6c35bd97-874d-4b02-b8a7-f5cd5d2a92b9,AAPL,101.23,3.0,momentum-bot,simulated-liquidity-provider,7a38438a-c7f5-47a8-9edc-9f9945f41455,MARKET,TREND_UP,101.2,0.06,2026-04-30T19:03:39.092059+00:00
e775a3fa-cb2b-48f2-ae17-c4140dc83429,AAPL,101.23,5.0,baseline-bot,simulated-liquidity-provider,15ae61d2-e64d-4e65-a755-58aeae75035a,MARKET,TREND_UP,101.2,0.06,2026-04-30T19:03:39.092466+00:00
08278593-76da-448e-a3f0-8a886293ceea,AAPL,101.17,3.0,simulated-liquidity-provider,mean-reversion-bot,86f15d05-6bb3-404a-b463-bcd70feb048c,MARKET,TREND_UP,101.2,0.06,2026-04-30T19:03:39.092692+00:00
48b1ec00-3e22-48e1-b880-13140ec2d637,AAPL,100.8,3.0,momentum-bot,simulated-liquidity-provider,2343297b-9b93-4ce0-9c93-dff28770be1f,MARKET,TREND_DOWN,100.75,0.1,2026-04-30T19:03:40.099439+00:00
f7879dea-d877-4eeb-82ec-6960b8c696ac,AAPL,100.34,3.0,mean-reversion-bot,simulated-liquidity-provider,f2d5c0ad-e184-4aea-bf85-ba06acd80bc7,MARKET,TREND_DOWN,100.3,0.08,2026-04-30T19:03:41.102103+00:00
9834be8e-e859-4a13-930f-b39ddd66f722,AAPL,100.26,3.0,simulated-liquidity-provider,momentum-bot,a724de5a-b47e-4b8f-bf24-8dc65c4658e2,MARKET,TREND_DOWN,100.3,0.08,2026-04-30T19:03:41.102558+00:00
456d040b-a097-42bd-b558-0277d950d432,AAPL,99.91,3.0,simulated-liquidity-provider,momentum-bot,ed7683ff-0ea8-4401-9c0f-c5a50555bc25,MARKET,TREND_DOWN,99.95,0.08,2026-04-30T19:03:42.103633+00:00
3401835f-0e5b-4774-892f-596f8e1a62a2,AAPL,99.99,2.0,baseline-bot,simulated-liquidity-provider,386cfc5a-79cf-4ac0-9ce5-95ce8b9b6847,MARKET,TREND_DOWN,99.95,0.08,2026-04-30T19:03:42.104006+00:00
342662f6-4cba-442b-9f5d-b09a0b27e4f7,AAPL,99.99,3.0,mean-reversion-bot,simulated-liquidity-provider,b982a9dc-2049-4658-b1be-0a58f436942a,MARKET,TREND_DOWN,99.95,0.08,2026-04-30T19:03:42.104415+00:00
bd69969d-fc5d-4eb7-8936-e337ab699579,AAPL,99.57,3.0,simulated-liquidity-provider,momentum-bot,f94658f9-e67d-4370-9715-989d41eb0e40,MARKET,TREND_DOWN,99.6,0.06,2026-04-30T19:03:43.111018+00:00
9e7408cf-1e60-4a3e-97a9-573e6567500b,AAPL,99.63,3.0,mean-reversion-bot,simulated-liquidity-provider,cc7f94e8-89cc-4b07-99d8-fc1f7acab432,MARKET,TREND_DOWN,99.6,0.06,2026-04-30T19:03:43.111429+00:00
3c76a053-b540-4b73-86ec-f55fa9bab6e6,AAPL,99.57,5.0,simulated-liquidity-provider,baseline-bot,5bc89f2d-860b-4b3e-a33a-342f877f35f5,MARKET,TREND_DOWN,99.6,0.06,2026-04-30T19:03:43.111687+00:00
ac7c220d-72de-46ac-b045-1e28f40db558,AAPL,100.05,3.0,simulated-liquidity-provider,momentum-bot,855231c1-a233-45dc-861e-1e27cc362df2,MARKET,TREND_UP,100.1,0.1,2026-04-30T19:03:44.112787+00:00
b137f158-ac9b-4ade-af18-6f54762eea16,AAPL,100.15,5.0,baseline-bot,simulated-liquidity-provider,9a8367d6-6451-4fb5-93a9-dbf82cbde1c8,MARKET,TREND_UP,100.1,0.1,2026-04-30T19:03:44.114158+00:00
6591a8d0-0408-46e2-8883-d3e1b99ee545,AAPL,100.23,3.0,momentum-bot,simulated-liquidity-provider,2cb33cb1-8668-40b0-aeb9-657b5e6857c5,MARKET,MEAN_REVERT,100.2,0.06,2026-04-30T19:03:45.118769+00:00
ea9ef271-caca-4cae-b2fb-9bb4ac37df11,AAPL,100.58,3.0,momentum-bot,simulated-liquidity-provider,94dfdf5b-0407-4fde-b058-d0971022de54,MARKET,TREND_UP,100.55,0.06,2026-04-30T19:03:46.125750+00:00
442f10ff-f90b-4c4c-a80a-edbd67e8f7d9,AAPL,100.52,3.0,simulated-liquidity-provider,mean-reversion-bot,980d33db-81ed-4cbd-bfac-099f68ec9026,MARKET,TREND_UP,100.55,0.06,2026-04-30T19:03:46.126175+00:00
adfe2f44-b90b-42f4-be55-78b6739ce3c0,AAPL,100.43,3.0,momentum-bot,simulated-liquidity-provider,0b0ceae7-95c8-495e-b093-ef7cab417feb,MARKET,MEAN_REVERT,100.4,0.06,2026-04-30T19:03:47.129451+00:00
db8eba5f-1e30-4a4d-ac7d-fbf402853ff6,AAPL,100.43,2.0,baseline-bot,simulated-liquidity-provider,34dc4de6-6dc5-4005-ac65-787604d45ecf,MARKET,MEAN_REVERT,100.4,0.06,2026-04-30T19:03:47.129828+00:00
2ce315c7-cc14-4819-bfaa-96f239b96cf0,AAPL,100.89,3.0,momentum-bot,simulated-liquidity-provider,08c1f09b-fc35-4fed-8aee-bd491f47e9d4,MARKET,TREND_UP,100.85,0.08,2026-04-30T19:03:48.131366+00:00
ef1bd4e5-e44a-47f1-8555-a93ee0f9b0a1,AAPL,100.81,3.0,simulated-liquidity-provider,mean-reversion-bot,8e3d00bb-a9d2-455e-9118-0072d5bdc2e5,MARKET,TREND_UP,100.85,0.08,2026-04-30T19:03:48.131603+00:00
2effc42c-1fcb-4842-b812-537b912d00f3,AAPL,101.24,3.0,momentum-bot,simulated-liquidity-provider,b76ae771-24ab-465f-8ee7-f53645a5484f,MARKET,TREND_UP,101.2,0.08,2026-04-30T19:03:49.141016+00:00
04db21e2-4673-4938-a171-a9bc0c38be3a,AAPL,101.16,3.0,simulated-liquidity-provider,mean-reversion-bot,f09f23b2-c199-4e46-ba22-23fbc8e716cb,MARKET,TREND_UP,101.2,0.08,2026-04-30T19:03:49.141436+00:00
1e05622d-0ac6-4da6-af1f-8a167d90acd4,AAPL,100.79,3.0,momentum-bot,simulated-liquidity-provider,5a381a6a-a318-4a5d-b4b6-1a3f8eaa6895,MARKET,TREND_DOWN,100.75,0.08,2026-04-30T19:03:50.144505+00:00
3cb612b0-471d-45ea-b7af-956cbfcc388e,AAPL,100.26,3.0,simulated-liquidity-provider,momentum-bot,75ce629d-244a-4be2-a397-64d06759d63a,MARKET,TREND_DOWN,100.3,0.08,2026-04-30T19:03:51.149770+00:00
6ca24f95-1f69-44e8-866e-96d0e7646965,AAPL,100.34,3.0,mean-reversion-bot,simulated-liquidity-provider,53bf09c4-ef0a-40e4-916f-c9c171d8e7cd,MARKET,TREND_DOWN,100.3,0.08,2026-04-30T19:03:51.150165+00:00
bd2ca2a3-a692-4ea0-a544-f33c4db23a57,AAPL,100.34,1.0,baseline-bot,simulated-liquidity-provider,3f6259b1-1f24-4029-8dc8-290e1b0daca6,MARKET,TREND_DOWN,100.3,0.08,2026-04-30T19:03:51.150377+00:00
38035260-b3a6-4f21-9422-2873ee4ae53c,AAPL,99.92,3.0,simulated-liquidity-provider,momentum-bot,22628a4c-9a12-4d83-ac49-b871000882c8,MARKET,TREND_DOWN,99.95,0.06,2026-04-30T19:03:52.154396+00:00
70d51142-c354-425e-8083-306b3506659c,AAPL,99.98,3.0,mean-reversion-bot,simulated-liquidity-provider,e77672ad-5f7a-42f0-8313-8f6d46b0600a,MARKET,TREND_DOWN,99.95,0.06,2026-04-30T19:03:52.157635+00:00
78b68315-f86c-422e-9631-d4b3dbf086d1,AAPL,99.55,3.0,simulated-liquidity-provider,momentum-bot,263130ca-bf04-44ea-8459-a7eab748729d,MARKET,TREND_DOWN,99.6,0.1,2026-04-30T19:03:53.156159+00:00
48eaaad9-1c13-4099-b5ba-43bf4afd24ef,AAPL,99.65,3.0,mean-reversion-bot,simulated-liquidity-provider,59257ef6-dc06-4ea8-bd08-000ca1534d63,MARKET,TREND_DOWN,99.6,0.1,2026-04-30T19:03:53.156674+00:00
59dbf0a9-a065-4cf1-94d5-b56da9d64765,AAPL,100.07,3.0,simulated-liquidity-provider,momentum-bot,23ca3631-6fcd-484d-ba0f-229652ca5c98,MARKET,TREND_UP,100.1,0.06,2026-04-30T19:03:54.165568+00:00
1b86893a-ee30-445d-86cd-dd48e385de38,AAPL,100.23,3.0,momentum-bot,simulated-liquidity-provider,4e6aca94-39c8-4f22-acb0-e77248bed4fc,MARKET,MEAN_REVERT,100.2,0.06,2026-04-30T19:03:55.172051+00:00
d540bc9f-c456-4f79-8c6b-3521216f3793,AAPL,100.59,3.0,momentum-bot,simulated-liquidity-provider,264d358a-2858-4bed-ace5-7d273fd28bed,MARKET,TREND_UP,100.55,0.08,2026-04-30T19:03:56.173597+00:00
e070d5fd-3bfb-4a48-b128-66aee4b29563,AAPL,100.51,3.0,simulated-liquidity-provider,mean-reversion-bot,26d902e4-6832-4119-a425-144da8fa472f,MARKET,TREND_UP,100.55,0.08,2026-04-30T19:03:56.174015+00:00
ae58a135-2b41-4574-a17d-e2259de00f83,AAPL,100.42,3.0,momentum-bot,simulated-liquidity-provider,b4f32df0-7bcb-44cd-b183-6f087c561e81,MARKET,MEAN_REVERT,100.4,0.04,2026-04-30T19:03:57.177475+00:00
1d2ef9e4-8166-44d7-8753-fce92659b835,AAPL,100.38,2.0,simulated-liquidity-provider,baseline-bot,5ce9864b-6be0-4f75-97d2-c7dc271017c6,MARKET,MEAN_REVERT,100.4,0.04,2026-04-30T19:03:57.177803+00:00
b4a06235-0f27-4342-b931-9fac0ef4e9a7,AAPL,100.88,3.0,momentum-bot,simulated-liquidity-provider,75d0663f-56a8-4fea-9dd4-d75dab9156da,MARKET,TREND_UP,100.85,0.06,2026-04-30T19:03:58.184992+00:00
97608814-bfc3-41e9-88d9-40e129f50448,AAPL,100.82,3.0,simulated-liquidity-provider,mean-reversion-bot,8a4c84d8-84f3-4a8b-b939-10479f79ea92,MARKET,TREND_UP,100.85,0.06,2026-04-30T19:03:58.185514+00:00
9f75f862-431f-4b6b-8062-60c904128c0a,AAPL,100.88,1.0,baseline-bot,simulated-liquidity-provider,149c55f4-8826-4f6a-a864-34a0baf5f896,MARKET,TREND_UP,100.85,0.06,2026-04-30T19:03:58.186072+00:00
ffc49f54-f72e-4acc-b347-2503073fbdca,AAPL,101.23,3.0,momentum-bot,simulated-liquidity-provider,a32e5b23-99ca-4d2d-b28e-a450c2355945,MARKET,TREND_UP,101.2,0.06,2026-04-30T19:03:59.189194+00:00
47f36987-7be9-4937-a732-dcb1d38fc6cb,AAPL,101.17,3.0,simulated-liquidity-provider,mean-reversion-bot,0b396838-3f89-445c-b14e-11ecf4be0169,MARKET,TREND_UP,101.2,0.06,2026-04-30T19:03:59.189607+00:00
059a7b9e-8e63-4dd4-a2c9-805145681f5f,AAPL,100.79,3.0,momentum-bot,simulated-liquidity-provider,32726707-6d88-4d05-9543-368453708fa1,MARKET,TREND_DOWN,100.75,0.08,2026-04-30T19:04:00.191187+00:00
cf653798-0f50-4fe3-9856-7dfdbad7053a,AAPL,100.33,5.0,baseline-bot,simulated-liquidity-provider,25d1e44b-4601-4e45-8563-bccb3becca85,MARKET,TREND_DOWN,100.3,0.06,2026-04-30T19:04:01.198664+00:00
4595483a-39d1-484a-ab19-9ca313d768cb,AAPL,100.33,3.0,mean-reversion-bot,simulated-liquidity-provider,3917954d-d7a1-40e7-b3d6-412749819aaa,MARKET,TREND_DOWN,100.3,0.06,2026-04-30T19:04:01.199080+00:00
e7d63dee-887c-4cb5-9bbc-2e098b77edb6,AAPL,100.27,3.0,simulated-liquidity-provider,momentum-bot,8b50092a-919a-4bbf-a1ef-8ca2374683ea,MARKET,TREND_DOWN,100.3,0.06,2026-04-30T19:04:01.199383+00:00
a2794bd5-51e8-4c7b-a2da-b89693b2f405,AAPL,99.91,3.0,simulated-liquidity-provider,momentum-bot,3d43675c-3879-48cc-8f24-d15ee439e459,MARKET,TREND_DOWN,99.95,0.08,2026-04-30T19:04:02.201296+00:00
3cf94d54-7d54-42cf-bc0d-c460c47ea53b,AAPL,99.99,3.0,mean-reversion-bot,simulated-liquidity-provider,f47f2771-c34e-4640-9061-cec2bd3a8fb7,MARKET,TREND_DOWN,99.95,0.08,2026-04-30T19:04:02.201801+00:00
ac167faa-2186-43db-8094-a281645f20d2,AAPL,99.57,2.0,simulated-liquidity-provider,baseline-bot,08f4cc92-3303-4311-9c81-61387e091f72,MARKET,TREND_DOWN,99.6,0.06,2026-04-30T19:04:03.199335+00:00
8b3dd1a4-58a4-4b6f-b20a-f1a0728faf04,AAPL,99.63,3.0,mean-reversion-bot,simulated-liquidity-provider,3ae01831-b71e-4014-a25d-2f5c108b5404,MARKET,TREND_DOWN,99.6,0.06,2026-04-30T19:04:03.199536+00:00
6d8f954a-cbfb-4996-af6e-a0ba42c4d3fa,AAPL,99.57,3.0,simulated-liquidity-provider,momentum-bot,df3834f0-cfdb-4d6e-a91c-6500f405321b,MARKET,TREND_DOWN,99.6,0.06,2026-04-30T19:04:03.199689+00:00
9963ca52-268f-45cc-b4ea-7327d7be24e0,AAPL,100.07,3.0,simulated-liquidity-provider,momentum-bot,d4acad02-38e7-4dc4-bb0d-842daa356903,MARKET,TREND_UP,100.1,0.06,2026-04-30T19:04:04.209298+00:00
d6783824-86a3-44c9-ad92-46c597471993,AAPL,100.23,3.0,momentum-bot,simulated-liquidity-provider,efe3824d-516f-4892-b03e-07be1c89c868,MARKET,MEAN_REVERT,100.2,0.06,2026-04-30T19:04:05.212086+00:00
19a18635-9f9b-41c5-8075-c1eb00815820,AAPL,100.52,3.0,simulated-liquidity-provider,mean-reversion-bot,94b641dd-c9ce-4b7d-879d-a99717f805b1,MARKET,TREND_UP,100.55,0.06,2026-04-30T19:04:06.217373+00:00
e057195c-ae24-483d-9ace-bb7ce6c21117,AAPL,100.58,3.0,momentum-bot,simulated-liquidity-provider,9e1f700e-84dd-4a62-8874-85eac1138301,MARKET,TREND_UP,100.55,0.06,2026-04-30T19:04:06.217806+00:00
c1631753-595b-45f6-b936-111e63505480,AAPL,100.43,3.0,momentum-bot,simulated-liquidity-provider,374a5379-3f72-4929-b9dd-7d4215494998,MARKET,MEAN_REVERT,100.4,0.06,2026-04-30T19:04:07.223009+00:00
95e8f68a-3783-4794-bced-057c728f7af7,AAPL,100.81,3.0,simulated-liquidity-provider,mean-reversion-bot,6449e2de-2257-4d99-a2b2-04f3657b5a52,MARKET,TREND_UP,100.85,0.08,2026-04-30T19:04:08.225860+00:00
e58186f4-1fa5-4373-a23e-dff78521abf4,AAPL,100.89,3.0,momentum-bot,simulated-liquidity-provider,14ebd2ff-35e9-4d75-bc5b-d2a062c7f15c,MARKET,TREND_UP,100.85,0.08,2026-04-30T19:04:08.226280+00:00
b35226e8-47bb-4ba9-bfb3-b861e6889246,AAPL,101.15,5.0,simulated-liquidity-provider,baseline-bot,abed729a-d79e-4e3d-ab5a-777653fbfc26,MARKET,TREND_UP,101.2,0.1,2026-04-30T19:04:09.229581+00:00
1c22a2c0-0185-4e65-b713-758951d5ee08,AAPL,101.15,3.0,simulated-liquidity-provider,mean-reversion-bot,c8031ac4-c5fa-4d27-80a4-b64406cd24a6,MARKET,TREND_UP,101.2,0.1,2026-04-30T19:04:09.230018+00:00
2fabaf53-9091-4a68-bfaf-dba2f4b258c3,AAPL,101.25,3.0,momentum-bot,simulated-liquidity-provider,8fb3e935-6bac-454c-85bf-fe359f9f3e2a,MARKET,TREND_UP,101.2,0.1,2026-04-30T19:04:09.230248+00:00
0878b710-a2e5-4b3d-8707-a0e33f8b7e7b,AAPL,100.79,3.0,momentum-bot,simulated-liquidity-provider,9bcd96db-d6bb-4942-8aeb-91a39176cfda,MARKET,TREND_DOWN,100.75,0.08,2026-04-30T19:04:10.233581+00:00
acf0abef-12d6-4d01-bc32-e9b14e592884,AAPL,100.33,3.0,mean-reversion-bot,simulated-liquidity-provider,cd3b837a-411e-4e50-8cd1-3dd601f4b748,MARKET,TREND_DOWN,100.3,0.06,2026-04-30T19:04:11.234983+00:00
0ac7a229-8265-4073-917f-750b5ece2aaa,AAPL,100.27,3.0,simulated-liquidity-provider,momentum-bot,0c88c76b-8d9e-4123-998b-511c1b4a0f79,MARKET,TREND_DOWN,100.3,0.06,2026-04-30T19:04:11.235657+00:00
623c8d69-c072-4351-9aa7-a50527f81576,AAPL,99.91,3.0,simulated-liquidity-provider,momentum-bot,b4d739af-8831-4b9b-848a-6b77811b2e89,MARKET,TREND_DOWN,99.95,0.08,2026-04-30T19:04:12.241729+00:00
d1c7b492-b37d-4611-9a46-8e0ca10f1b49,AAPL,99.99,5.0,baseline-bot,simulated-liquidity-provider,035880bb-462d-4d03-8bf8-57e5550fbb82,MARKET,TREND_DOWN,99.95,0.08,2026-04-30T19:04:12.242145+00:00
dba2dbe1-3cbc-4c54-a020-828e4e6899f9,AAPL,99.99,3.0,mean-reversion-bot,simulated-liquidity-provider,2b4d27d3-1290-45c4-8947-438be0aa5672,MARKET,TREND_DOWN,99.95,0.08,2026-04-30T19:04:12.242368+00:00
9779b885-638a-4d72-b186-87e22245b69b,AAPL,99.56,3.0,simulated-liquidity-provider,momentum-bot,41e0d7ac-1df8-49e8-9f36-99ba360d13b8,MARKET,TREND_DOWN,99.6,0.08,2026-04-30T19:04:13.242910+00:00
4f6cfcb4-0de1-4070-a12e-9254779e1785,AAPL,99.64,3.0,mean-reversion-bot,simulated-liquidity-provider,567d88f6-cd8b-4ffe-ad73-91153a40336d,MARKET,TREND_DOWN,99.6,0.08,2026-04-30T19:04:13.243440+00:00
fb084c27-f45a-4278-bfeb-7c1977e44434,AAPL,100.07,3.0,simulated-liquidity-provider,momentum-bot,d6139c9a-8b43-44d5-a26e-0a8d599ef8dc,MARKET,TREND_UP,100.1,0.06,2026-04-30T19:04:14.248974+00:00
e41329e9-c701-4114-8827-56e08ffd6887,AAPL,100.23,3.0,momentum-bot,simulated-liquidity-provider,bb3f251f-7b54-418b-a3e7-98505cde7e74,MARKET,MEAN_REVERT,100.2,0.06,2026-04-30T19:04:15.254031+00:00
0a250619-ef00-40db-ac8f-fa7047c88d33,AAPL,100.59,3.0,momentum-bot,simulated-liquidity-provider,9e5d1367-97b3-4e37-8909-c15a625572af,MARKET,TREND_UP,100.55,0.08,2026-04-30T19:04:16.259468+00:00
fed35c55-a763-4401-b934-de932e4afbd8,AAPL,100.51,3.0,simulated-liquidity-provider,mean-reversion-bot,f78508a7-6826-4c00-9fb4-c214326682d3,MARKET,TREND_UP,100.55,0.08,2026-04-30T19:04:16.259891+00:00
bbdbe27a-77f2-48b0-8d88-b67528c083b8,AAPL,100.42,3.0,momentum-bot,simulated-liquidity-provider,54a0e46f-a560-48ad-b2d4-adc2668cfba5,MARKET,MEAN_REVERT,100.4,0.04,2026-04-30T19:04:17.265550+00:00
49316b21-e92a-435b-9154-f5372fa406fd,AAPL,100.8,3.0,simulated-liquidity-provider,mean-reversion-bot,61bb2181-f575-4f3c-a988-880b9d9eabb3,MARKET,TREND_UP,100.85,0.1,2026-04-30T19:04:18.269455+00:00
b0d966d2-4d13-4435-b525-5fc92e71c6ea,AAPL,100.9,3.0,momentum-bot,simulated-liquidity-provider,26482599-c832-412f-b039-be8c3de12536,MARKET,TREND_UP,100.85,0.1,2026-04-30T19:04:18.269940+00:00
538dce11-72a3-4b2d-9df3-bbbf79c1c54d,AAPL,101.16,3.0,simulated-liquidity-provider,mean-reversion-bot,1f43d44a-a700-4beb-ba93-d9713858175d,MARKET,TREND_UP,101.2,0.08,2026-04-30T19:04:19.272614+00:00
5555a50f-149e-486f-88df-035e438e8437,AAPL,101.24,3.0,momentum-bot,simulated-liquidity-provider,90856c83-9754-4559-a530-8a4a8bdb9932,MARKET,TREND_UP,101.2,0.08,2026-04-30T19:04:19.273122+00:00
01c1a4c3-1ff1-4058-ad22-a3f1c041d1e4,AAPL,100.71,2.0,simulated-liquidity-provider,baseline-bot,d711f1aa-201c-42e1-bc01-36742359d036,MARKET,TREND_DOWN,100.75,0.08,2026-04-30T19:04:20.279766+00:00
b812c4d0-67c5-4390-b0af-c9a663b8b7f2,AAPL,100.79,3.0,momentum-bot,simulated-liquidity-provider,aed14dad-1f1c-49da-8568-5bc7e01c860e,MARKET,TREND_DOWN,100.75,0.08,2026-04-30T19:04:20.280229+00:00
1a645eee-5405-4550-a6d3-65344f84ba8e,AAPL,100.26,3.0,simulated-liquidity-provider,momentum-bot,ad2f1d51-8a30-40c4-8d10-8a9c7650d9c7,MARKET,TREND_DOWN,100.3,0.08,2026-04-30T19:04:21.286680+00:00
977ffb97-d631-4c34-9f3e-2c74e377d0fd,AAPL,100.34,3.0,mean-reversion-bot,simulated-liquidity-provider,c2b23c65-90b2-4de7-8552-daf1d9fee28e,MARKET,TREND_DOWN,100.3,0.08,2026-04-30T19:04:21.287294+00:00
93d9d5de-4ab4-4f85-8cea-8b2a6a520b2d,AAPL,100.34,2.0,baseline-bot,simulated-liquidity-provider,cd0b48dd-07a2-438b-8178-c9717a4cbd52,MARKET,TREND_DOWN,100.3,0.08,2026-04-30T19:04:21.287602+00:00
1f0cac2e-ab0c-4363-aca1-80e4202d5a2f,AAPL,99.99,3.0,mean-reversion-bot,simulated-liquidity-provider,f30a6b08-55f3-4e94-b285-c1ce7683bfa4,MARKET,TREND_DOWN,99.95,0.08,2026-04-30T19:04:22.287345+00:00
e6b76c13-2e48-48fe-953b-694238cbbc0b,AAPL,99.91,3.0,simulated-liquidity-provider,momentum-bot,96bf6241-262a-478b-b215-d58f04be7b72,MARKET,TREND_DOWN,99.95,0.08,2026-04-30T19:04:22.288460+00:00
8bc807f1-8378-44fa-b28e-ef7eb4820cb5,AAPL,99.57,3.0,simulated-liquidity-provider,momentum-bot,5d1523c0-d30a-475f-bea9-27a96d2c227a,MARKET,TREND_DOWN,99.6,0.06,2026-04-30T19:04:23.292908+00:00
e0ab2772-8417-4eef-8a2a-6b641eba3cf4,AAPL,99.63,3.0,mean-reversion-bot,simulated-liquidity-provider,def541d5-2f1e-4051-bfac-8f007118da2f,MARKET,TREND_DOWN,99.6,0.06,2026-04-30T19:04:23.293317+00:00
26169c40-d379-428e-ab93-2a9f530d4c5b,AAPL,100.07,3.0,simulated-liquidity-provider,momentum-bot,07c03c59-d634-4a72-94af-03a82ba47ef4,MARKET,TREND_UP,100.1,0.06,2026-04-30T19:04:24.295627+00:00
a0623a7b-7c94-421b-91d9-962216f782be,AAPL,100.23,3.0,momentum-bot,simulated-liquidity-provider,fa29aaaa-e6a0-475d-bf75-ab7592e90411,MARKET,MEAN_REVERT,100.2,0.06,2026-04-30T19:04:25.301081+00:00
7e2a73a1-0bfd-479f-a46e-5b5716a88120,AAPL,100.58,3.0,momentum-bot,simulated-liquidity-provider,51583f17-9a7f-42a0-b079-c8132ec4fbe2,MARKET,TREND_UP,100.55,0.06,2026-04-30T19:04:26.307895+00:00
5913d012-0fd3-4cab-87a4-80568497f104,AAPL,100.52,3.0,simulated-liquidity-provider,mean-reversion-bot,a5ce3b22-1436-412c-8fef-8f273643364b,MARKET,TREND_UP,100.55,0.06,2026-04-30T19:04:26.308317+00:00
668d0679-8318-44cc-adcc-3bc6d3a04fab,AAPL,100.43,3.0,momentum-bot,simulated-liquidity-provider,4f0a1262-e11d-4b3e-9025-05305bc55266,MARKET,MEAN_REVERT,100.4,0.06,2026-04-30T19:04:27.314917+00:00
74fe0416-e513-4761-bbc4-2692da4e38f4,AAPL,100.88,5.0,baseline-bot,simulated-liquidity-provider,5206ac37-2e0d-49ee-a63c-ab74eb7eab73,MARKET,TREND_UP,100.85,0.06,2026-04-30T19:04:28.322114+00:00
2e18b1fa-0a5f-4ba8-9594-2e8550e0d9a9,AAPL,100.88,3.0,momentum-bot,simulated-liquidity-provider,59502e56-3470-410c-b957-d1c50a554b0e,MARKET,TREND_UP,100.85,0.06,2026-04-30T19:04:28.322599+00:00
11ac1bb7-f027-4ac3-87d5-bb2a2c750a0f,AAPL,100.82,3.0,simulated-liquidity-provider,mean-reversion-bot,3048e143-94a5-4a00-866d-134dae74601d,MARKET,TREND_UP,100.85,0.06,2026-04-30T19:04:28.322944+00:00
69e2766e-8fd8-445c-9b41-0446d519c4c4,AAPL,101.23,3.0,momentum-bot,simulated-liquidity-provider,3dc3fe79-d59d-43d7-98f0-5f66702d7df0,MARKET,TREND_UP,101.2,0.06,2026-04-30T19:04:29.326193+00:00
e8546c25-40b6-421b-a3e6-cc865f0a97d1,AAPL,101.17,3.0,simulated-liquidity-provider,mean-reversion-bot,00b044bc-06c9-419d-b46a-293f2b1cd5c5,MARKET,TREND_UP,101.2,0.06,2026-04-30T19:04:29.326616+00:00
8879676f-5932-4ab5-b07f-d8cc068cfcb7,AAPL,100.79,3.0,momentum-bot,simulated-liquidity-provider,185a2b3e-10ce-4ca2-975e-d4842152d406,MARKET,TREND_DOWN,100.75,0.08,2026-04-30T19:04:30.330769+00:00
8f808cba-65c5-4093-a5a0-504325192bf8,AAPL,100.26,3.0,simulated-liquidity-provider,momentum-bot,1e2eb017-320d-46ea-a611-167150ebb097,MARKET,TREND_DOWN,100.3,0.08,2026-04-30T19:04:31.334678+00:00
c9df34a6-b9ae-4a43-9d92-aa7a03b83028,AAPL,100.34,3.0,mean-reversion-bot,simulated-liquidity-provider,0431c56f-8346-4493-9582-1ac693835f5f,MARKET,TREND_DOWN,100.3,0.08,2026-04-30T19:04:31.335125+00:00
289ef3f7-9bb5-40ac-bc7c-7667dc40d04b,AAPL,99.99,2.0,baseline-bot,simulated-liquidity-provider,92126d93-130b-4c93-8fd9-72c55efb3ed1,MARKET,TREND_DOWN,99.95,0.08,2026-04-30T19:04:32.336382+00:00
70a736c7-8859-4187-8f81-4e62924650bd,AAPL,99.91,3.0,simulated-liquidity-provider,momentum-bot,227046b1-c54c-4129-a131-2e407b30b705,MARKET,TREND_DOWN,99.95,0.08,2026-04-30T19:04:32.336783+00:00
05373b33-867d-4476-9e3f-e37e5d74d974,AAPL,99.99,3.0,mean-reversion-bot,simulated-liquidity-provider,7a434624-8b60-4cef-9b01-3a98ea9e2e82,MARKET,TREND_DOWN,99.95,0.08,2026-04-30T19:04:32.337013+00:00
084d8113-0ac2-4531-bf27-82e83383521e,AAPL,99.63,3.0,mean-reversion-bot,simulated-liquidity-provider,b78c77c3-b5ae-45b4-bd5a-1849741ef5aa,MARKET,TREND_DOWN,99.6,0.06,2026-04-30T19:04:33.339441+00:00
f18673a3-635b-4b5a-b57f-1c515ec86f1f,AAPL,99.57,3.0,simulated-liquidity-provider,momentum-bot,21e9e5dd-2dd2-49c5-9a32-68552f39fdac,MARKET,TREND_DOWN,99.6,0.06,2026-04-30T19:04:33.339588+00:00
e1dc80e2-bb5b-4937-85a5-b2fd5da849e4,AAPL,100.06,3.0,simulated-liquidity-provider,momentum-bot,9a4705fb-6bc2-48ab-a47e-ea55fee7e17c,MARKET,TREND_UP,100.1,0.08,2026-04-30T19:04:34.343994+00:00
d36d0174-0ca9-4534-8c16-6e44655e0cde,AAPL,100.23,5.0,baseline-bot,simulated-liquidity-provider,7f32ccee-036f-4210-aa30-a2e47bff9234,MARKET,MEAN_REVERT,100.2,0.06,2026-04-30T19:04:35.351516+00:00
f7522c5f-9e4d-4979-955c-bdd56daf2ed3,AAPL,100.23,3.0,momentum-bot,simulated-liquidity-provider,7fcb0b7a-444a-4263-8fc9-751cbf72b211,MARKET,MEAN_REVERT,100.2,0.06,2026-04-30T19:04:35.352028+00:00
80e71f66-5560-4d1f-921a-972eeb4ca0e4,AAPL,100.5,2.0,simulated-liquidity-provider,baseline-bot,c92e3c2a-58b7-461a-801c-afee2b1b21c4,MARKET,TREND_UP,100.55,0.1,2026-04-30T19:04:36.357684+00:00
f08fcda3-8e27-4134-b5c7-4f1cd6d05e67,AAPL,100.5,3.0,simulated-liquidity-provider,mean-reversion-bot,9f634c16-7d86-443d-a59a-b857996554ad,MARKET,TREND_UP,100.55,0.1,2026-04-30T19:04:36.358137+00:00
58a481d0-9cfc-460e-88d3-ed59a1945ec4,AAPL,100.6,3.0,momentum-bot,simulated-liquidity-provider,ea8b8bc8-9512-453b-add1-9a95acc0f33d,MARKET,TREND_UP,100.55,0.1,2026-04-30T19:04:36.358819+00:00
c9f722db-61d3-4b1c-94b1-79101bd6c12f,AAPL,100.42,5.0,baseline-bot,simulated-liquidity-provider,21fc73fb-bcc4-43ad-abc0-1209dff6d39a,MARKET,MEAN_REVERT,100.4,0.04,2026-04-30T19:04:37.363543+00:00
5ab33830-25af-4300-91e9-6e1d7ebd7b3e,AAPL,100.42,3.0,momentum-bot,simulated-liquidity-provider,86065b01-4347-4951-8436-5a5b0f9895f3,MARKET,MEAN_REVERT,100.4,0.04,2026-04-30T19:04:37.363956+00:00
8cc22364-0e01-47a0-974b-79b3f55c7707,AAPL,100.9,3.0,momentum-bot,simulated-liquidity-provider,c82e5ac1-a72c-42c0-bcda-6614814c7ded,MARKET,TREND_UP,100.85,0.1,2026-04-30T19:04:38.367873+00:00
2fac1ac4-6f9a-49fa-a575-37c5ae91a0da,AAPL,100.8,3.0,simulated-liquidity-provider,mean-reversion-bot,94da3aec-831a-4a19-a3ae-97748113f7b1,MARKET,TREND_UP,100.85,0.1,2026-04-30T19:04:38.368280+00:00
04b1db7d-643e-4eb2-933a-d2689245d6ad,AAPL,101.15,3.0,simulated-liquidity-provider,mean-reversion-bot,7b2609ee-47bf-4a59-abfc-68f5d082ebf8,MARKET,TREND_UP,101.2,0.1,2026-04-30T19:04:39.372669+00:00
364b63ee-b61a-4aea-9da0-cbb5ad075cb3,AAPL,101.25,3.0,momentum-bot,simulated-liquidity-provider,14a8043f-fdfc-4ee6-bb97-a3c2120b543c,MARKET,TREND_UP,101.2,0.1,2026-04-30T19:04:39.373101+00:00
98002c9a-97c2-462d-a59c-8c0c7667cb32,AAPL,100.78,3.0,momentum-bot,simulated-liquidity-provider,8bc9acee-90e0-4ffc-b78b-e3a5316a6f5e,MARKET,TREND_DOWN,100.75,0.06,2026-04-30T19:04:40.372693+00:00
f0503564-ce47-4d5a-8aae-2a4f89939917,AAPL,100.26,3.0,simulated-liquidity-provider,momentum-bot,1978dd06-9275-4809-86a9-ab95792e6a84,MARKET,TREND_DOWN,100.3,0.08,2026-04-30T19:04:41.376448+00:00
419c10de-1f9f-442f-a840-ba6f4dae07ff,AAPL,100.34,3.0,mean-reversion-bot,simulated-liquidity-provider,c62ee969-bc09-405d-80d7-a819c7f3f729,MARKET,TREND_DOWN,100.3,0.08,2026-04-30T19:04:41.376862+00:00
56759ec8-f000-4101-8b2d-ec3c54021c21,AAPL,99.99,3.0,mean-reversion-bot,simulated-liquidity-provider,2e7e9fa4-29ec-4af7-b621-94df9cb7ce6f,MARKET,TREND_DOWN,99.95,0.08,2026-04-30T19:04:42.373585+00:00
60e0663a-1606-42e0-b6bf-01eb1ba147f7,AAPL,99.91,3.0,simulated-liquidity-provider,momentum-bot,49ea69c2-f034-47e7-abef-598b742507cd,MARKET,TREND_DOWN,99.95,0.08,2026-04-30T19:04:42.373905+00:00
2396f450-8a41-4ffd-8476-0d751cc086f9,AAPL,99.56,3.0,simulated-liquidity-provider,momentum-bot,3389ecd7-604f-4b65-9f8b-2f959fe145be,MARKET,TREND_DOWN,99.6,0.08,2026-04-30T19:04:43.382553+00:00
e9e0a2b6-f7b8-42a0-a4c4-16a3d1f6879f,AAPL,99.64,3.0,mean-reversion-bot,simulated-liquidity-provider,472b56dd-d8c6-465a-bafd-6d75214eb930,MARKET,TREND_DOWN,99.6,0.08,2026-04-30T19:04:43.382970+00:00
e21c6549-b324-48c5-85a7-55b5f22b3563,AAPL,99.64,1.0,baseline-bot,simulated-liquidity-provider,e63b3f07-a815-4cda-8b29-c0849689ee85,MARKET,TREND_DOWN,99.6,0.08,2026-04-30T19:04:43.383221+00:00
d24c2dba-ac70-48de-9f6a-10817afb7b3e,AAPL,100.07,3.0,simulated-liquidity-provider,momentum-bot,d6ee2b88-e067-4486-9ec4-e175fc129506,MARKET,TREND_UP,100.1,0.06,2026-04-30T19:04:44.382489+00:00
370b56ff-2ccd-4cb6-b431-394c044b2bf4,AAPL,100.22,3.0,momentum-bot,simulated-liquidity-provider,bc5b89e7-37b0-4e16-9556-fe2ffa4f5bb6,MARKET,MEAN_REVERT,100.2,0.04,2026-04-30T19:04:45.390416+00:00
43491258-f4ed-4233-81f8-47047e64c5d7,AAPL,100.58,3.0,momentum-bot,simulated-liquidity-provider,3b900d08-9073-4537-9216-519e97f03404,MARKET,TREND_UP,100.55,0.06,2026-04-30T19:04:46.396443+00:00
4b7738d6-a791-4838-b1d1-75a393a6a3b9,AAPL,100.52,3.0,simulated-liquidity-provider,mean-reversion-bot,2be06dd1-e8dc-46d1-88e1-bd0594ddc76b,MARKET,TREND_UP,100.55,0.06,2026-04-30T19:04:46.397002+00:00
f4018fb1-a4a7-4d5a-87ce-aa4a434959d4,AAPL,100.43,3.0,momentum-bot,simulated-liquidity-provider,3c1acbee-f459-4151-9709-d473509e291d,MARKET,MEAN_REVERT,100.4,0.06,2026-04-30T19:04:47.403430+00:00
49275392-5070-4f80-99d5-999c06ac49a9,AAPL,100.9,3.0,momentum-bot,simulated-liquidity-provider,5795d222-c21d-488a-b226-72da01136ec8,MARKET,TREND_UP,100.85,0.1,2026-04-30T19:04:48.408485+00:00
b39ef1dc-2ca7-49d8-9b54-e01374f8d366,AAPL,100.8,3.0,simulated-liquidity-provider,mean-reversion-bot,e1892d20-4324-4331-b4e5-379e265dfbe7,MARKET,TREND_UP,100.85,0.1,2026-04-30T19:04:48.408999+00:00
07f6f73a-294b-4f11-8b45-f17d3c3c6e8f,AAPL,101.15,3.0,simulated-liquidity-provider,mean-reversion-bot,d0a1ca57-07b8-4a46-a048-4edcc487f2ae,MARKET,TREND_UP,101.2,0.1,2026-04-30T19:04:49.413105+00:00
56380e34-1954-4394-9c1f-81e20c1b2af4,AAPL,101.25,3.0,momentum-bot,simulated-liquidity-provider,4d31a2cf-fd38-4bb7-8919-955088c9d867,MARKET,TREND_UP,101.2,0.1,2026-04-30T19:04:49.413675+00:00
3997b68f-a9e1-47af-9d8a-187914067dd1,AAPL,101.25,2.0,baseline-bot,simulated-liquidity-provider,1036ad8b-64b8-4f89-8a76-a8826424b108,MARKET,TREND_UP,101.2,0.1,2026-04-30T19:04:49.414194+00:00
c45354c2-483c-4c28-906a-812ba65235b4,AAPL,100.78,2.0,baseline-bot,simulated-liquidity-provider,9939dab1-dcd1-478c-a889-12cc6f9f1df2,MARKET,TREND_DOWN,100.75,0.06,2026-04-30T19:04:50.420708+00:00
232bd7ba-e99f-4c24-8d07-69bee6aad174,AAPL,100.78,3.0,momentum-bot,simulated-liquidity-provider,d3e0a6a7-ec40-4514-b6f0-ac9cc1704938,MARKET,TREND_DOWN,100.75,0.06,2026-04-30T19:04:50.421357+00:00
0b0c088f-dc48-4cdd-a1ea-1a6559ee6bdc,AAPL,100.33,3.0,mean-reversion-bot,simulated-liquidity-provider,77d44c2b-0867-4eb3-9123-e050e215ff29,MARKET,TREND_DOWN,100.3,0.06,2026-04-30T19:04:51.425790+00:00
5c58ba52-30e7-423a-9a10-eec0b462e9d5,AAPL,100.27,3.0,simulated-liquidity-provider,momentum-bot,d9be5147-12d9-4e71-9e65-a1d977d954a7,MARKET,TREND_DOWN,100.3,0.06,2026-04-30T19:04:51.426620+00:00
db504c09-3db1-4545-b552-39f594493889,AAPL,99.98,2.0,baseline-bot,simulated-liquidity-provider,ad9e778d-c85f-495e-ab10-9352be845078,MARKET,TREND_DOWN,99.95,0.06,2026-04-30T19:04:52.431923+00:00
cf005270-4050-4b24-8ec7-52d00e0ee019,AAPL,99.92,3.0,simulated-liquidity-provider,momentum-bot,9d4df798-dc81-460f-8a87-3c6826855a46,MARKET,TREND_DOWN,99.95,0.06,2026-04-30T19:04:52.435110+00:00
e0e01287-dad7-475b-8d0a-4b9012773ba8,AAPL,99.98,3.0,mean-reversion-bot,simulated-liquidity-provider,de5880cb-5cd2-4375-b8e8-0f1a6e1849fc,MARKET,TREND_DOWN,99.95,0.06,2026-04-30T19:04:52.435486+00:00
3173b599-6af6-4dee-8684-0d7e201d4831,AAPL,99.57,3.0,simulated-liquidity-provider,momentum-bot,dfe64a6c-d13b-411d-a874-3429ac6b0c70,MARKET,TREND_DOWN,99.6,0.06,2026-04-30T19:04:53.435699+00:00
1cb13b9d-87e1-435f-9d42-665d8ea819dc,AAPL,99.63,3.0,mean-reversion-bot,simulated-liquidity-provider,8a92eb48-28b4-4e73-a8ca-c8404bd47f40,MARKET,TREND_DOWN,99.6,0.06,2026-04-30T19:04:53.436229+00:00
20f2a454-f720-457a-b1db-d80e74bdda58,AAPL,100.05,3.0,simulated-liquidity-provider,momentum-bot,023ad7bb-4616-44c1-88b4-a32f99a2a68b,MARKET,TREND_UP,100.1,0.1,2026-04-30T19:04:54.437999+00:00
1e266990-e828-45f6-baa6-bcfc34733ab8,AAPL,100.22,3.0,momentum-bot,simulated-liquidity-provider,294dc1e1-af67-4bfc-9033-e1501924ff49,MARKET,MEAN_REVERT,100.2,0.04,2026-04-30T19:04:55.441156+00:00
3a97be67-3db3-4915-bf42-6ec53c3f5e28,AAPL,100.59,3.0,momentum-bot,simulated-liquidity-provider,0e13ae85-0252-4cd1-bdfa-be5837ba0e9a,MARKET,TREND_UP,100.55,0.08,2026-04-30T19:04:56.447196+00:00
bd506fe3-b538-4398-8a24-d3d10ffab717,AAPL,100.51,3.0,simulated-liquidity-provider,mean-reversion-bot,c997ea0d-2c02-4c91-b8e4-295626e44f4a,MARKET,TREND_UP,100.55,0.08,2026-04-30T19:04:56.447653+00:00
e460a461-d5f9-4099-a9bb-2192ffbeff57,AAPL,100.59,2.0,baseline-bot,simulated-liquidity-provider,312fe6c8-bc02-4ea3-92a7-a3011d827db2,MARKET,TREND_UP,100.55,0.08,2026-04-30T19:04:56.447892+00:00
51b271a6-ab2c-4baa-a2c7-fb4e601dbdfd,AAPL,100.43,3.0,momentum-bot,simulated-liquidity-provider,5113124b-7b76-4047-a070-71245f160a8c,MARKET,MEAN_REVERT,100.4,0.06,2026-04-30T19:04:57.451662+00:00
1f020750-4355-483d-8f66-cfed1211be37,AAPL,100.43,1.0,baseline-bot,simulated-liquidity-provider,5d5d86e5-dbb2-4749-953f-7828a1c05fdf,MARKET,MEAN_REVERT,100.4,0.06,2026-04-30T19:04:57.454176+00:00
c2911527-984d-48a9-89b2-0d14a98573f8,AAPL,100.89,3.0,momentum-bot,simulated-liquidity-provider,9f52d687-e320-497e-8b0f-bc9ced2fada4,MARKET,TREND_UP,100.85,0.08,2026-04-30T19:04:58.457700+00:00
381a1f3a-ade9-40d9-a7f0-d8a42e69add7,AAPL,100.81,3.0,simulated-liquidity-provider,mean-reversion-bot,b13b325b-4bbd-44f9-bbbf-f476ae9773a1,MARKET,TREND_UP,100.85,0.08,2026-04-30T19:04:58.458676+00:00
1d837383-bf3f-479f-b931-a891abb75f78,AAPL,101.16,3.0,simulated-liquidity-provider,mean-reversion-bot,1e513772-6464-468e-9d05-5c727989ce15,MARKET,TREND_UP,101.2,0.08,2026-04-30T19:04:59.461846+00:00
dcb0d308-9542-4ed6-8846-0f9dbabcecaf,AAPL,101.24,3.0,momentum-bot,simulated-liquidity-provider,4e339591-8a9d-432e-a7d6-f171f31f205e,MARKET,TREND_UP,101.2,0.08,2026-04-30T19:04:59.462287+00:00
12cfef0e-4594-4e19-a02f-0d8413fd84be,AAPL,100.79,3.0,momentum-bot,simulated-liquidity-provider,ee6c6f10-e583-4db1-909d-a5af9a15aa7b,MARKET,TREND_DOWN,100.75,0.08,2026-04-30T19:05:00.465142+00:00
c42d324f-70a7-4635-a93e-43e323659add,AAPL,100.71,2.0,simulated-liquidity-provider,baseline-bot,16558d34-7d5e-47d9-9057-1226c12d9aa0,MARKET,TREND_DOWN,100.75,0.08,2026-04-30T19:05:00.465576+00:00
de4ed488-aa85-403c-9540-334e5f18489c,AAPL,100.27,3.0,simulated-liquidity-provider,momentum-bot,4fbfd193-6de3-4d58-a347-4dd88ae4f0a2,MARKET,TREND_DOWN,100.3,0.06,2026-04-30T19:05:01.471923+00:00
a4c2eb5d-3ae4-423b-a24f-411c5bdd8ee6,AAPL,100.33,3.0,mean-reversion-bot,simulated-liquidity-provider,6485b966-eb21-45ae-974c-c53e4c4cde46,MARKET,TREND_DOWN,100.3,0.06,2026-04-30T19:05:01.472378+00:00
94e6a02b-4bb5-4854-ae01-a691f51c8e54,AAPL,100.0,3.0,mean-reversion-bot,simulated-liquidity-provider,dca9f59c-6ae1-4ec8-ab94-2f92af2285d9,MARKET,TREND_DOWN,99.95,0.1,2026-04-30T19:05:02.477918+00:00
b03bc97f-44d1-4a31-9cbd-a239f0ab94e7,AAPL,99.9,3.0,simulated-liquidity-provider,momentum-bot,9abb6192-edce-4ea1-b018-ac80c382985d,MARKET,TREND_DOWN,99.95,0.1,2026-04-30T19:05:02.478365+00:00
f0ed5fa1-024a-4ef2-98a8-55a5063c5662,AAPL,99.55,3.0,simulated-liquidity-provider,momentum-bot,920466a5-4d70-4050-8e68-4a5128151b33,MARKET,TREND_DOWN,99.6,0.1,2026-04-30T19:05:03.477481+00:00
6d33ac57-f3d6-4f28-8933-7a7013fa61e9,AAPL,99.65,3.0,mean-reversion-bot,simulated-liquidity-provider,f071835b-1b85-45e5-80e3-99a18360c707,MARKET,TREND_DOWN,99.6,0.1,2026-04-30T19:05:03.477595+00:00
b6ff9a11-9ba6-421d-b606-982359298db7,AAPL,100.07,3.0,simulated-liquidity-provider,momentum-bot,30de5d0a-4aa3-4128-a1d0-d35a2f89e0ac,MARKET,TREND_UP,100.1,0.06,2026-04-30T19:05:04.489155+00:00
1364cdec-2900-46d4-a660-c7acbfb68031,AAPL,100.22,3.0,momentum-bot,simulated-liquidity-provider,ac7044d4-5cf8-4bfa-80de-9e029cb2293c,MARKET,MEAN_REVERT,100.2,0.04,2026-04-30T19:05:05.492067+00:00
a430a64f-3587-4a85-bde7-f5363bfce23a,AAPL,100.59,3.0,momentum-bot,simulated-liquidity-provider,e5a196dc-9e6c-4aed-bc87-f264d84e7f70,MARKET,TREND_UP,100.55,0.08,2026-04-30T19:05:06.497794+00:00
063fe439-2123-40aa-a316-83bfc8a23d1a,AAPL,100.51,3.0,simulated-liquidity-provider,mean-reversion-bot,f67b6538-9dff-4bff-b4c9-cb7795540255,MARKET,TREND_UP,100.55,0.08,2026-04-30T19:05:06.498206+00:00
a4cd493c-67bc-4768-8fc0-677a62f30893,AAPL,100.42,3.0,momentum-bot,simulated-liquidity-provider,9f29ddf1-6a7c-4786-8011-1f6a42d6ca12,MARKET,MEAN_REVERT,100.4,0.04,2026-04-30T19:05:07.499674+00:00
8ddffc45-c0ae-4754-a952-d7a88adf9251,AAPL,100.89,3.0,momentum-bot,simulated-liquidity-provider,613f1f5d-453e-4d54-abe5-3c4d1e13694f,MARKET,TREND_UP,100.85,0.08,2026-04-30T19:05:08.503514+00:00
70aae2b6-02d1-4cd9-8013-83667d1f3f94,AAPL,100.81,3.0,simulated-liquidity-provider,mean-reversion-bot,7a729fc8-8597-4de5-9618-7eb2058d8bae,MARKET,TREND_UP,100.85,0.08,2026-04-30T19:05:08.503840+00:00
